3472 5494
315 423 380 482 266
731 455 754 492 p„
814 427 1002 480 onnnvdnrla

313 615 382 679 riae
413 614 462 678 ita
493 611 625 696 penitus
652 613 700 676 sit
719 612 900 692 abstracta,
923 617 962 677 ut
984 630 1095 694 regem
1119 611 1287 696 Ungariae
1311 612 1500 677 nullatenus

312 709 469 787 agnoscat
501 725 596 770 suum
629 701 805 781 dominum,
836 701 891 766 sed
927 701 1081 782 Turcam,
1103 724 1124 767 a
1147 724 1211 787 quo
1245 708 1315 768 tota
1339 701 1501 784 dependet

312 794 347 857 in
380 793 626 874 temporalibus,
659 789 796 874 proinde
828 813 931 874 aeque
965 793 999 855 in
1033 792 1263 874 spiritualibus
1296 791 1500 874 dependebit.

313 883 462 962 Accedit,
496 881 583 965 quod
614 881 695 946 haec
727 881 890 963 separatio
923 881 1064 946 nonsit
1089 881 1179 946 facta
1202 882 1382 965 tyrannice,
1408 881 1443 944 in
1468 887 1501 944 et

312 973 464 1038 absoluta
487 971 636 1056 potentia
660 969 809 1050 Turcica,
834 971 890 1036 sed
913 991 972 1053 per
988 971 1207 1036 voluntariam
1232 976 1266 1036 et
1289 978 1500 1054 spontaneam

312 1063 466 1126 unionem
498 1081 612 1144 regum
646 1058 813 1142 Ungariae
842 1081 881 1124 ex
904 1066 1022 1126 mutua
1045 1061 1269 1126 transactione
1292 1067 1326 1124 et
1349 1059 1499 1143 pacifica-

312 1152 410 1232 tione,
436 1171 535 1233 quam
558 1148 912 1214 inivitFerdinandus
936 1149 1062 1231 primus
1086 1171 1160 1214 cum
1193 1149 1324 1215 Joanne
1356 1148 1501 1232 Zapolio‚

312 1241 456 1305 cedendo
480 1240 509 1304 ei
526 1246 559 1304 et
575 1239 777 1304 haeredibus
786 1239 938 1304 omnibus
955 1238 1227 1321 Transylvaniam
1246 1241 1281 1304 in
1296 1245 1500 1322 perpetuum.

313 1329 438 1394 Scienti
462 1336 573 1394 autem
597 1335 630 1392 et
653 1329 871 1393 consentienti
903 1350 967 1393 non
999 1327 1037 1393 fit
1061 1329 1185 1394 iniuria
1208 1350 1312 1412 neque
1337 1328 1438 1406 dolus,
1463 1335 1501 1391 ut

312 1426 403 1484 tenet
425 1419 508 1502 juris
533 1417 817 1500 canoniclregula
843 1422 893 1482 27.
918 1418 951 1481 in
977 1423 1005 1482 6.

420 1514 448 1573 9.
473 1509 520 1573 Et
535 1527 594 1592 per
608 1508 670 1574 hoc
685 1506 857 1572 manifeste
880 1514 1018 1591 apparet
1042 1507 1227 1591 disparitas
1252 1529 1326 1571 cum
1350 1506 1499 1590 episcopi,

313 1598 428 1681 quiin
453 1597 602 1664 'Puroicis
631 1596 812 1662 ditionibus
835 1618 931 1662 suum
954 1597 1176 1681 episcopatum
1200 1597 1362 1662 habenta
1386 1604 1501 1661 sancta

311 1688 385 1752 sede
409 1687 642 1752 confirmentur
666 1692 960 1766 etconsecrentur,
984 1687 1135 1752 videlicet
1152 1686 1347 1766 Sirmiensis,
1371 1685 1500 1751 Chana-

311 1778 440 1857 diensis,
464 1774 829 1860 Quinqueecclesiensis
842 1773 915 1842 Illis
936 1776 1025 1840 enim
1049 1776 1225 1859 prouinciis
1249 1783 1283 1841 et
1306 1775 1499 1860 episcopati-

311 1868 372 1932 bus
396 1887 487 1949 reges
512 1864 680 1946 Ungariae
705 1888 769 1929 non
793 1871 959 1930 cesserunt
982 1860 1175 1946 volunlarie,
1199 1866 1256 1932 scd
1279 1886 1338 1948 per
1360 1865 1501 1930 inuasio-

311 1977 385 2020 nem
400 1962 433 2021 et
449 1955 658 2039 tyrannidem
679 1954 853 2019 Turcicam
870 1951 1132 2036 violenteasunt
1145 1961 1276 2020 extorta
1292 1963 1325 2020 et
1341 1959 1501 2036 occupata

312 2045 436 2130 pariter
468 2046 509 2110 de
540 2045 628 2110 facto
660 2066 734 2108 cum
765 2045 888 2108 iniuria
921 2051 954 2109 et
986 2047 1134 2128 potentia
1152 2045 1386 2128 possidentur.
1426 2042 1500 2108 Hac

311 2135 448 2219 proinde
480 2135 520 2200 de
553 2155 651 2200 causa
675 2133 879 2217 episcopatus
904 2133 1206 2218 Transylvaniensis
1229 2153 1294 2200 non
1317 2133 1501 2199 subiacebit

312 2225 477 2290 collationi
511 2225 596 2307 regis
628 2223 808 2307 apostolici,
841 2224 987 2307 adeoque
1019 2230 1261 2307 praesentatus
1279 2224 1322 2288 ab
1357 2245 1393 2288 eo
1431 2222 1500 2286 sedi

312 2315 507 2398 apostolicae
531 2314 593 2379 iste
617 2313 785 2396 episcopus
801 2335 866 2378 uon
882 2314 946 2378 erit
961 2313 1195 2379 confirmabilis
1213 2319 1246 2378 et
1263 2312 1499 2379 consecrabiha

421 2409 472 2468 10.
497 2402 545 2467 Ut
568 2403 645 2467 huic
669 2403 832 2486 questioni
856 2402 1004 2483 satisfiat,
1020 2404 1257 2468 ostendendum
1273 2403 1338 2467 crit
1356 2407 1392 2467 1⁰
1413 2403 1500 2484 quod

313 2491 551 2575 Transylvania
576 2491 717 2556 Turcica
740 2492 888 2575 potentia
917 2493 1092 2576 tyrannide
1115 2493 1159 2558 sit
1183 2492 1296 2557 avulsa
1320 2493 1361 2557 ab
1386 2491 1499 2574 Unga·

312 2581 371 2646 ria.
396 2583 452 2646 2ᾱο
476 2581 582 2665 Reges
606 2582 798 2663 apostolicos
821 2581 1083 2664 jurisdictionem
1112 2583 1261 2666 papalem
1285 2582 1440 2647 vicariam
1465 2582 1500 2644 in

312 2671 483 2736 dioecesim
509 2670 826 2736 Transilvaniensem
852 2693 977 2754 semper
1002 2693 1215 2738 conservasse.
1240 2677 1277 2735 3Ο
1297 2671 1500 2754 strigonien-

312 2781 361 2825 ses
394 2776 522 2844 q'uoque
554 2760 812 2844 archiepiscopos
844 2761 990 2843 aliquam
1023 2761 1283 2844 jurisdictionem
1315 2760 1501 2844 specialiter

311 2850 345 2914 in
361 2851 510 2916 eumdem
527 2851 749 2934 episcopatum
765 2850 947 2916 retinuisse.
965 2855 1002 2915 40
1022 2849 1073 2914 De
1090 2851 1217 2916 ratione
1233 2857 1349 2931 status,
1371 2850 1501 2932 religio-

311 2940 362 3004 nis
395 2946 428 3004 et
452 2939 567 3004 salutis
592 2941 776 3004 animarum
801 2961 877 3020 esse,
904 2947 942 3004 ut
966 2940 1170 3023 episcopatus
1198 2940 1500 3023 Transylvaniensis

312 3029 527 3112 dependeata
544 3051 619 3112 rege
636 3031 821 3112 apostolico.
847 3034 884 3093 50
904 3029 1137 3096 Fundamenta
1162 3030 1348 3096 contrariae
1371 3036 1501 3095 senten-

311 3121 380 3183 tiae
396 3119 611 3184 resolvuntur.

758 3227 760 3233 ,
855 3304 882 3391 ἓ.
909 3313 952 3371 10.

417 3470 661 3554 ’ΤτειῃεγΙνειῃίη
678 3470 818 3535 Turoica
833 3471 1007 3553 tyrannide
1026 3477 1076 3535 est
1094 3470 1262 3536 abstracta
1284 3471 1325 3537 ab
1351 3469 1499 3552 Ungaria

314 3583 376 3628 non
401 3561 508 3627 minus
533 3584 631 3645 quam
655 3560 773 3640 Bosna,
798 3558 954 3626 Sirmium
970 3568 1003 3625 et
1020 3561 1104 3625 aliae
1127 3560 1319 3643 provinciae.

420 3656 470 3716 11.
494 3651 606 3718 Huius
638 3650 867 3733 propositionis
897 3651 1015 3715 veritas
1052 3651 1173 3733 optime
1202 3649 1419 3714 demonstrari
1442 3671 1498 3731 po-

312 3746 377 3804 test
410 3761 450 3804 ex
483 3740 683 3820 authenticis
715 3741 887 3822 scripturis
911 3762 949 3805 ac
973 3740 1175 3806 documentis
1203 3739 1369 3804 occasione
1394 3739 1499 3803 Tran-

311 3830 476 3912 sylvaniae
499 3829 713 3913 separationis
737 3829 842 3909 editis,
860 3851 943 3913 quae
966 3829 1001 3893 in
1024 3829 1177 3893 archiviis
1194 3829 1291 3911 regiis
1307 3849 1498 3893 conservan-

313 3927 377 4000 tur,
411 3920 489 4003 quia
521 3941 596 3984 vero
628 3919 670 3982 ad
704 3939 742 3982 ea
775 3919 869 3984 modo
891 3940 1039 3984 accessus
1063 3939 1126 3984 non
1150 3923 1252 4002 patet,
1276 3918 1435 4002 probatur
1459 3938 1499 3981 ex

312 4011 510 4074 auctoritate
534 4009 611 4074 fidei
634 4008 817 4073 historicae.
849 4009 934 4072 Eam
958 4009 1046 4072 inter
1070 4009 1180 4092 plures
1204 4009 1375 4073 historicos
1400 4006 1497 4071 Nico-

311 4099 355 4164 lai
380 4098 536 4163 Istuanffi
559 4098 648 4163 fideli
672 4099 830 4164 relatione
858 4099 904 4162 sio
937 4098 1069 4181 exponit
1093 4098 1144 4162 tit.
1170 4103 1199 4162 9.
1222 4097 1248 4161 J
1249 4118 1368 4162 oannes
1392 4097 1497 4179 Zapa-

311 4187 375 4251 lius
402 4187 550 4254 Vaivoda
582 4187 838 4271 Transylvaniae
870 4193 943 4271 post
972 4188 1097 4252 cladem
1120 4187 1352 4252 Mohaoianam
1375 4186 1410 4249 in
1433 4207 1497 4268 quo

311 4277 498 4342 Ludovicus
531 4299 588 4341 rex
621 4278 775 4342 occubuit
809 4277 877 4342 sine
913 4277 1060 4358 haerede,
1093 4284 1131 4340 ut
1170 4298 1288 4342 corona
1321 4275 1497 4359 Ungariae,

312 4388 411 4450 quam
434 4367 600 4433 ambiebat
623 4369 787 4450 potiretur
803 4365 960 4432 Solimani
977 4367 1162 4432 Turcarum
1178 4367 1385 4449 imperatoris
1402 4365 1511 4430 benc--

311 4456 442 4522 ficiarus
475 4455 581 4522 factus
614 4457 683 4520 eius
716 4457 886 4521 clientelae
918 4479 951 4521 se
984 4464 1017 4521 et
1051 4457 1322 4539 Transylvaniam
1358 4454 1497 4519 subiecit

311 4567 396 4609 anno
422 4549 516 4611 1527.
543 4546 763 4629 Validumque
787 4547 828 4611 ab
852 4568 889 4611 eo
913 4547 1092 4610 exercitum
1109 4547 1260 4611 obtinens
1276 4552 1392 4609 contra
1415 4544 1497 4608 Fer-
