3436 5500
812 411 999 466 oucuvrtnrla

881 722 928 785 H.

721 886 816 946 1365.
841 883 1014 950 november
1039 887 1090 946 25.

314 1043 416 1126 Napis
448 1043 551 1126 Lojos
585 1043 696 1126 adalp
729 1017 850 1108 Miletos
875 1042 985 1125 jasael
1013 1047 1186 1125 proposui,
1219 1064 1240 1108 o
1259 1047 1499 1129 preposlsdpbo,

545 1133 673 1216 mclytd'l
695 1132 917 1216 ocepfosatotto
939 1133 1011 1213 uolt,
1034 1133 1274 1216 oissaobclpeai.

423 1294 616 1375 Ludovicus‚
649 1294 713 1358 Dei
746 1295 857 1378 gracia
880 1317 937 1359 rex
961 1296 1136 1378 Hungarie
1159 1295 1310 1362 fidelibus
1334 1297 1400 1362 suis
1424 1300 1498 1363 reli-

315 1384 411 1466 giosis
435 1383 513 1448 viris
536 1384 709 1467 prepositis
733 1385 772 1448 de
798 1385 946 1449 Thurooz
980 1394 1013 1450 et
1046 1387 1086 1450 de
1118 1386 1240 1466 Lelesz,
1273 1386 1500 1453 visitatoribus

314 1475 456 1537 fratrum
490 1473 615 1537 ordinis
648 1474 969 1555 Premonstratensis,
1002 1475 1141 1539 salutem
1166 1481 1198 1539 et
1223 1476 1374 1557 graciam.
1415 1476 1498 1542 Oum

313 1585 371 1627 nos
395 1563 546 1645 religioso
569 1563 638 1627 viro
662 1563 762 1628 fratri
786 1563 921 1628 Nicolao
946 1565 1109 1648 preposito
1133 1565 1173 1629 de
1196 1565 1333 1646 daszow,
1367 1574 1500 1648 petente

315 1652 443 1716 domino
478 1652 559 1716 duce
591 1650 730 1718 Austrie
762 1653 867 1717 fratre
905 1661 1025 1734 nostre,
1064 1654 1304 1738 preposituram
1338 1655 1377 1719 de
1410 1658 1499 1721 dicta

313 1742 442 1806 Jaszow
475 1741 589 1821 eidem,
622 1764 687 1806 una
721 1764 794 1806 cum
818 1743 968 1808 omnibus
992 1743 1195 1808 utilitatibus
1219 1743 1498 1828 restituerimus&

312 1831 467 1895 fidelitati
491 1838 597 1896 vestre
620 1830 760 1895 firmiter
783 1833 991 1916 precipiendo
1015 1833 1216 1913 mandamus
1241 1841 1402 1915 quatenus
1426 1858 1498 1918 pre-

313 1921 438 1984 dictum
470 1921 644 1986 Nicolaum
677 1922 878 2004 prepositum
902 1923 936 1986 in
960 1923 1090 2005 prefata
1113 1945 1171 1986 sua
1194 1924 1402 2006 prepositura
1427 1927 1497 1988 nul-

312 2011 441 2074 latenus
463 2013 635 2075 molestare
658 2011 708 2074 vel
731 2013 926 2094 perturbare
949 2013 1021 2076 sitis
1045 2013 1116 2078 ausi
1138 2012 1233 2076 modo
1256 2013 1400 2096 aliquali,
1434 2015 1500 2098 sed,

315 2101 453 2164 eundem
478 2099 511 2163 in
538 2101 650 2165 eadem
678 2101 883 2184 prepositura
915 2101 1049 2184 pacifice
1081 2102 1267 2166 admittatis
1299 2125 1489 2184 permanere

313 2191 404 2253 alind
438 2211 502 2254 non
538 2189 667 2254 facturi.
706 2189 832 2255 Datum
865 2192 960 2256 Bude
992 2192 1026 2254 in
1060 2191 1142 2256 festo
1175 2197 1286 2256 sancte
1320 2191 1497 2258 Gatherine
1580 2193 1582 2196 ’

313 2279 449 2362 virginis
466 2286 499 2343 et
516 2280 680 2362 martyria,
704 2301 789 2345 anno
813 2280 947 2344 Domini
971 2281 1141 2345 millesimo
1165 2284 1391 2347 tercentesimo
1408 2305 1499 2348 sexa-

317 2369 436 2450 gesimo
461 2370 584 2451 quinto

420 2529 455 2587 (A
473 2527 558 2590 jaszdi
578 2529 697 2579 convent
715 2527 914 2580 leve'ltaraban.
938 2527 1127 2580 Protocollum
1149 2533 1180 2594 L,
1201 2527 1249 2580 fol.
1270 2532 1340 2590 231.)

843 2785 844 2788 ‘
873 2816 939 2879 ΠΙ.

733 2985 827 3044 1393.
853 2981 1026 3045 november
1051 2985 1079 3044 2.

313 3143 491 3225 Zsipmood
515 3142 627 3224 loudly
651 3163 691 3206 aa
714 3143 857 3207 clddeito'l
880 3165 901 3208 a
924 3144 1189 3228 mopyororsadpi
1214 3145 1498 3210 Saent-Beuedel-

333 3233 434 3295 rand
458 3231 727 3297 ntooostoraloolo
751 3234 999 3316 oclomdopoaott
1023 3233 1260 3318 kivdltsdpolrot
1283 3235 1465 3317 mcpdjo'tjo.

419 3393 488 3457 Nos
512 3391 741 3474 Sigismundus
775 3393 838 3458 Dei
871 3397 982 3476 gracia
1013 3417 1071 3468 rex
1104 3395 1287 3479 Hungarie‚
1320 3395 1499 3475 Dalmacie,

313 3482 448 3548 Oroaeie
465 3489 524 3546 etc.
549 3483 759 3565 nrarchioque
775 3484 1113 3566 Brandemburgensis
1134 3492 1194 3549 etc.
1217 3486 1343 3550 Notum
1359 3486 1497 3548 facimus

311 3579 424 3637 tenore
452 3573 656 3655 presencium
686 3573 805 3655 quibus
829 3575 960 3656 expedit
984 3575 1150 3655 universis,
1174 3576 1260 3656 quod
1285 3595 1358 3638 curn
1382 3596 1422 3638 ex
1445 3597 1498 3638 su-

312 3668 421 3744 scepto
447 3663 536 3744 regie
560 3661 732 3744 dignitatis
765 3662 872 3726 officio
906 3670 1064 3746 tanquam
1091 3672 1202 3746 pastor
1225 3665 1330 3730 fidelis
1354 3670 1387 3728 et
1410 3665 1498 3746 vigil,

311 3753 368 3833 qui
402 3753 530 3816 caulam
563 3772 619 3815 sue
654 3774 731 3816 cure
765 3753 966 3817 commissam
999 3755 1041 3818 ab
1074 3755 1328 3820 adversitatibus
1361 3755 1498 3820 sollicite

312 3842 523 3905 custodiendo
548 3839 719 3923 gubernat,
753 3843 991 3925 regnicolarum
1015 3845 1278 3909 atsubditorum
1310 3852 1497 3908 nostrorum

423 4055 441 4114 ¹)
461 4056 486 4104 A
503 4053 590 4117 jaszdi
619 4057 738 4106 convent
766 4053 856 4122 tagjai
878 4061 953 4106 1354.
974 4053 1088 4108 februar
1108 4054 1203 4106 4-ike'n
1223 4072 1252 4108 az
1272 4055 1332 4125 egri
1361 4054 1497 4121 kaptalan

311 4127 385 4176 szine
404 4124 475 4176 eldtt
493 4125 579 4176 emelt
598 4126 721 4178 ovasban
740 4130 812 4178 erro'l
832 4142 847 4178 a
866 4126 1022 4193 prepostrol
1050 4127 1099 4195 igy
1117 4125 1326 4194 nyilatkoztak:
1359 4125 1496 4194 »Religio-

311 4213 357 4247 sus
378 4195 468 4247 frater
497 4195 635 4263 Nicolaus‚
667 4214 748 4262 nunc,
778 4196 845 4249 licet
872 4214 928 4249 non
948 4198 982 4250 de
1001 4199 1061 4250 iure
1090 4198 1137 4250 sed
1166 4197 1200 4250 de
1227 4196 1311 4264 iacto,
1340 4197 1497 4264 prepositus

311 4267 380 4319 dicti
411 4266 580 4332 monasterii,
607 4285 663 4320 non
691 4285 741 4336 per
768 4267 877 4321 dictum
896 4273 1064 4322 conventum
1083 4269 1210 4338 legitime
1230 4269 1343 4334 electus,
1372 4284 1428 4320 non
1447 4285 1498 4335 per

310 4357 391 4391 suum
410 4338 587 4405 superiorem,
607 4340 687 4392 iuxta
707 4339 852 4392 canonicas
871 4341 1027 4394 sanctiones
1047 4344 1233 4405 confirmatus,
1253 4340 1302 4392 sed
1320 4339 1433 4392 omnino
1447 4357 1497 4407 per

310 4411 454 4462 dominum
473 4413 601 4462 nostrum
619 4428 714 4480 regem
733 4411 915 4477 Ludovioum‚
944 4430 994 4480 pro
1014 4411 1110 4465 favore
1129 4411 1226 4464 fratris
1246 4411 1289 4463 sui
1308 4410 1397 4476 Pauli,
1427 4412 1497 4463 dicti

310 4481 423 4547 1311333,
443 4481 479 4534 ad
498 4480 829 4550 (11333333333331333333
842 4483 991 4537 intrusus«
1015 4488 1050 4547 (A
1062 4483 1148 4548 jaszoi
1162 4485 1281 4535 convent
1296 4483 1495 4535 leveltaraban.

309 4553 503 4606 Protooollum.
523 4558 554 4617 Ι.1
575 4554 621 4605 131.
645 4559 712 4617 138.)
