3472 5494
483 494 501 530 a
524 491 645 530 usovau
669 493 728 530 ura.
751 492 881 532 unorum
904 492 956 530 roo
980 480 1208 531 rbarfiunrvtunz.
1372 473 1430 532 241

255 665 386 747 regibus
420 665 614 747 Hungariae
639 667 689 730 ius
713 687 808 729 suum
841 667 995 730 amittere
1027 670 1214 746 potuerunt,
1238 664 1319 728 alias
1344 666 1438 747 quid-

256 755 334 836 quid
359 755 516 819 violenter
541 756 650 820 Turca
673 763 733 820 aut
749 756 904 820 haeretici
929 759 1139 835 occuparunt,
1163 753 1325 835 principes
1349 755 1435 817 chri-

254 845 353 908 stiani
386 851 418 908 et
451 845 603 909 catholici
627 845 678 908 ius
702 867 796 908 suum
820 865 933 908 verum
957 845 990 906 in
1015 865 1051 906 eo
1075 843 1302 924 perdidissent,
1332 865 1435 926 neque

255 935 393 1016 amplius
417 935 464 997 ita
488 935 647 1000 violenter
671 940 829 1017 occupata
852 956 871 996 a
897 933 1013 997 Turris
1036 939 1096 996 aut
1119 933 1292 996 haereticis
1316 936 1436 1015 princi-

256 1045 310 1105 pes
335 1024 506 1088 christiani
531 1031 563 1088 et
588 1025 739 1090 catholici
762 1023 977 1106 praetendere
1001 1030 1144 1103 possunt,

362 1112 446 1178 (lum
478 1115 590 1195 itaque
623 1121 749 1178 constet
781 1113 952 1176 manifeste
980 1119 1051 1176 tum
1077 1113 1116 1175 de
1140 1113 1210 1176 iure
1234 1119 1437 1194 patronatus,

256 1203 342 1283 quod
366 1203 489 1266 habent
512 1225 603 1285 reges
627 1203 822 1286 Hungariae
846 1203 881 1266 in
907 1202 1113 1266 nominandis
1139 1208 1171 1264 et
1192 1202 1348 1284 eligendis
1372 1203 1437 1284 epi-

256 1292 358 1374 scopis
391 1293 433 1356 ad
467 1294 669 1376 episcopatus
703 1314 840 1358 coronae
873 1292 1076 1373 Hungariae,
1110 1313 1183 1354 cunr
1216 1293 1256 1355 de
1285 1293 1435 1373 gratiosis

256 1402 332 1444 suae
356 1384 551 1462 sanctitatis,
576 1384 724 1464 sacrique
747 1382 965 1447 cardinalium
989 1380 1116 1462 collegii
1140 1383 1288 1462 superius
1312 1381 1437 1464 specifi-

256 1473 337 1534 catis
361 1472 508 1551 decretis,
534 1479 571 1536 ut
596 1473 749 1536 nimirum
784 1472 893 1536 bullae
926 1471 1181 1536 confirmationis
1215 1472 1436 1552 episcoporum

258 1561 448 1643 Hungariae
481 1564 515 1626 in
547 1564 699 1644 partibus
733 1561 912 1626 infidelium
938 1562 1070 1643 quidem
1095 1561 1198 1641 gratis
1222 1561 1437 1642 expediantur

255 1672 312 1732 per
336 1652 421 1715 viam
445 1660 611 1728 secretam,
637 1654 859 1734 episcoporum
883 1672 958 1714 vero
974 1651 1123 1734 proprias
1147 1649 1339 1715 residentias
1364 1672 1437 1714 cum

256 1742 465 1821 proventibus
498 1742 689 1806 habentium
723 1763 797 1806 curu
830 1741 986 1804 divisione
1019 1747 1151 1804 centum
1185 1740 1378 1804 ducatorum
1403 1741 1435 1802 in

256 1851 401 1894 camera:
425 1831 629 1913 supplicatur
653 1831 789 1914 proinde
812 1831 948 1894 demisse
972 1830 1247 1908 suacsauctitati,
1272 1837 1309 1892 ut
1325 1830 1436 1893 eadem

256 1921 400 2000 gratiosa
433 1928 465 1984 et
498 1923 551 2002 pia
585 1922 717 1984 decreta
749 1920 902 1984 moderno
936 1941 1066 2002 quoque
1099 1926 1244 2000 temporo
1283 1941 1437 1982 renovare

256 2009 418 2090 dignetur,
453 2011 692 2093 clementerque
721 2010 884 2076 observari
910 2010 1022 2088 faciat,
1045 2009 1185 2072 maxime
1209 2030 1248 2070 ex
1272 2030 1316 2088 eo,
1351 2009 1435 2090 quod

258 2100 414 2164 motivum
446 2101 537 2179 illud,
571 2101 657 2181 quod
684 2101 882 2164 induxerant
907 2100 1011 2164 felicis
1034 2098 1268 2164 recordationis
1292 2105 1437 2162 auteces-¹

257 2209 343 2252 sores
376 2211 452 2252 suae
481 2191 668 2254 sanctitatis
691 2191 733 2254 ad
758 2190 892 2254 terenda
918 2189 997 2254 talia
1019 2189 1074 2270 pia
1098 2187 1230 2250 decreta
1254 2183 1364 2268 (ruina
1388 2190 1436 2251 ni-

257 2279 374 2341 mirum
407 2279 602 2361 Hungariae
634 2286 746 2344 secuta
779 2300 818 2342 ex
845 2279 1030 2342 miseranda
1055 2279 1239 2342 Turcarum
1263 2278 1437 2360 depopula-

257 2363 358 2448 tione)
384 2369 433 2432 his
458 2391 587 2451 quoque
606 2371 802 2435 calamitosis
819 2369 1020 2450 temporibus
1036 2391 1099 2432 non
1117 2367 1211 2432 rhodo
1227 2389 1291 2432 non
1308 2367 1436 2442 desinit,

256 2457 334 2537 quin
368 2458 432 2522 imo
465 2460 498 2524 in
532 2460 600 2524 dies
633 2467 764 2523 tantum
797 2459 897 2522 sumit
930 2460 1176 2535 incrementum,
1203 2465 1239 2521 ut
1263 2457 1326 2521 nisi
1350 2458 1436 2522 orbis

256 2547 453 2612 christianus
480 2550 582 2612 tantis
605 2549 770 2612 involutus
794 2549 947 2630 periculis
971 2549 1136 2629 Ungariac
1161 2554 1331 2612 succurrat
1355 2554 1437 2610 tem-

256 2638 385 2717 pestive,
419 2638 607 2702 brevissimo
640 2645 783 2720 tempore
823 2638 971 2720 Ungaria
1011 2645 1156 2724 extrema
1195 2638 1370 2719 sepelietur
1402 2638 1436 2700 in

255 2727 358 2790 ruina.
383 2727 462 2790 Pari
486 2729 580 2792 modo
609 2729 672 2792 nisi
688 2748 747 2792 sua
763 2729 922 2792 sanctitas
942 2727 1097 2810 episcopis
1125 2727 1289 2808 Ungariac
1313 2726 1436 2808 gratias

254 2816 326 2880 illas
350 2817 606 2882 confirmationis
630 2819 804 2882 clementer
828 2819 999 2900 largiatur,
1025 2823 1058 2880 et
1081 2817 1216 2898 posthac
1240 2817 1339 2880 etiam
1366 2823 1436 2879 tan·

256 2915 304 2969 tas
329 2906 540 2971 difficultates
565 2915 598 2972 et
626 2908 799 2972 dilationes
823 2908 857 2970 in
881 2907 1068 2972 obtinendis
1091 2907 1157 2970 suis
1182 2906 1437 2995 confirmationi·

254 2995 314 3058 bus
338 2997 478 3078 episcopi
503 2997 671 3078 Ungariac
694 2999 875 3078 patiantur,
905 2996 994 3060 Deus
1018 2997 1117 3074 novit,
1142 2996 1261 3083 quibus
1285 2997 1436 3060 ecclesiae

260 3084 422 3166 Ungariac
454 3087 661 3152 involventur
693 3087 854 3168 periculis,
878 3093 1069 3168 quantaque
1093 3087 1277 3150 animarum
1302 3081 1356 3164 (ob
1382 3086 1436 3148 de-

255 3175 375 3238 lectum
401 3184 664 3242 consecratorum
687 3171 923 3259 episcoporum)
948 3181 1103 3256 sequetur
1126 3177 1231 3238 ruina.

362 3336 403 3387 Aa
422 3335 482 3387 irat
502 3336 584 3388 eleb:
613 3335 763 3402 Raphaelis
792 3334 970 3386 Levakovics.
1000 3339 1040 3385 Ex
1060 3332 1192 3401 originali
1212 3337 1308 3386 charta
1329 3332 1435 3384 archivi

255 3406 435 3460 cancellariae
455 3407 631 3474 Huugaricae
651 3411 782 3460 Viennae.

362 3552 450 3613 (Becsi
471 3552 570 3604 udvari
590 3552 707 3604 levelttr
726 3551 1029 3618 heniratgyfiJ‘temenye
1067 3552 1130 3600 God.
1152 3556 1220 3612 246,
1239 3566 1265 3614 p.
1289 3549 1357 3608 138.)

765 3855 926 3922 CLXIX.

686 4025 780 4084 1662.
806 4021 950 4084 oktober.
979 4024 1005 4082 7.

254 4181 304 4241 Aa
327 4180 532 4243 ‹allevatitiu-
555 4181 680 4244 e'rtesttr'
704 4202 725 4245 o
748 4181 830 4245 be'csi
859 4181 1017 4244 narrarunt
1041 4200 1061 4243 a
1085 4179 1251 4243 attornati
1283 4178 1435 4259 laurada

253 4270 569 4350 mcpdllupoddsdrol,
602 4276 671 4352 cipp
688 4291 724 4349 ¹a
756 4271 883 4335 bosrtioi
912 4272 1104 4352 piispo'lcsc'p,
1137 4269 1223 4332 rotat
1246 4290 1266 4332 a
1291 4267 1353 4332 hir.
1388 4269 1435 4330 lci-

352 4359 545 4424 rreuczc'sbca
568 4365 692 4424 tortoeo'
714 4361 883 4444 cpylrdaulr
906 4361 1154 4442 arepdllupt'tdso
1178 4358 1329 4441 dppc'bea.

362 4519 395 4584 A.
420 4521 454 4584 di
481 4526 496 4584 7
523 4521 663 4586 Ottobre
687 4521 706 4581 a
730 4523 917 4603 monsignor
941 4521 1070 4585 Nunnio
1094 4521 1127 4584 in
1149 4519 1276 4588 Vienna
1300 4517 1435 4583 mauda-

254 4618 330 4672 tanc
354 4612 453 4692 copia.

299 4733 471 4779 onnuvfinrlu
495 4745 511 4779 A
535 4747 562 4780 u.
588 4747 612 4778 u.
638 4745 757 4779 snorum
780 4745 830 4779 roo
854 4734 1004 4780 noun-usu.
1295 4739 1325 4782 16
