3436 5500
793 1380 819 1442 l.

758 1547 853 1605 1338.

211 1704 241 1765 A
265 1703 531 1784 rnsoqpororsadpi
552 1703 790 1783 pllspolrdlocb
810 1703 892 1767 XII.
910 1703 1063 1768 Recedet
1084 1703 1237 1785 putpriboz
1261 1705 1394 1769 iateaett

212 1791 308 1869 irato,
341 1792 507 1872 omelpbea
532 1792 653 1858 solere
676 1793 805 1874 Kctrolp
830 1793 941 1876 lr‘irdlp
969 1794 1060 1860 allen.
1084 1813 1125 1858 aa
1148 1794 1285 1877 eppbctal
1310 1796 1394 1859 rond

209 1885 242 1944 c‘s
265 1881 519 1962 ojocadobnalr
555 1882 914 2036 irclrrpctboqmgclr'p'pplpett
946 1883 1089 1965 eljctrctsa
1125 1884 1227 1962 ririatt,
1248 1890 1395 1964 paacsat

317 2131 510 2214 Significant
534 2133 722 2198 sanctitatis
745 2141 851 2198 vestre
875 2135 983 2198 devoti
999 2139 1032 2196 et
1048 2134 1186 2198 humiles
1210 2134 1269 2198 filii
1293 2136 1393 2199 vestri

210 2222 349 2303 episcopi
367 2221 513 2304 Ungarie
530 2229 563 2286 et
581 2224 722 2286 maxime
746 2223 792 2286 hii
816 2245 855 2286 ex
880 2224 1008 2303 eisdem,
1033 2225 1090 2306 qui
1114 2225 1153 2288 de
1177 2225 1282 2288 salute
1306 2225 1392 2307 regis

210 2320 241 2374 et
275 2311 315 2375 de
346 2313 430 2376 bono
464 2319 555 2376 statu
587 2313 680 2395 regni
713 2335 751 2377 ac
775 2313 982 2378 ecclesiarum
1006 2313 1069 2376 Dei
1093 2314 1253 2378 devociori
1276 2316 1394 2392 anime,

209 2401 330 2483 pociori
354 2402 527 2484 vigilancia
554 2403 740 2480 intendunt,
764 2403 913 2486 inprimis
939 2404 1026 2486 quod
1052 2409 1157 2468 status
1174 2404 1393 2479 ecclesiarum,

212 2491 382 2556 libertates
406 2498 439 2556 et
462 2492 640 2574 privilegia,
673 2493 766 2573 regni
798 2495 899 2556 eciam
927 2493 1155 2558 immunitates·
1174 2515 1212 2557 ac
1235 2496 1310 2576 jura
1334 2503 1395 2557 aut

210 2582 340 2662 penitus
373 2582 552 2658 annullata,
586 2588 645 2645 aut
676 2582 709 2645 in
744 2584 868 2646 excidio
900 2583 992 2647 letali
1025 2585 1204 2648 constituta
1237 2584 1393 2647 existunt.

210 2671 297 2734 Nam
320 2678 449 2735 mortuo
473 2671 583 2753 aliquo
607 2671 733 2754 prelato
757 2673 1000 2754 possessionato,
1034 2674 1255 2759 cuiuscunque
1282 2674 1393 2737 condi-

210 2761 311 2823 cionis
335 2761 463 2830 existat.
488 2761 597 2825 omnia
620 2762 705 2826 bona
729 2762 871 2834 eiusdem
891 2763 1011 2844 prelati
1028 2763 1183 2842 defuncti,
1210 2764 1275 2826 sive
1293 2764 1395 2827 eccle-

209 2850 340 2914 siastica
373 2852 439 2914 sive
473 2851 725 2934 patrimonialia,
760 2853 799 2914 de
832 2853 986 2916 mandato
1016 2853 1104 2935 regio
1127 2874 1185 2934 per
1208 2853 1390 2934 potenciam

208 2941 356 3004 laicalem
389 2942 574 3023 capiuntur,
608 2941 721 3004 funere
747 2942 889 3006 eiusdem
914 2943 1078 3023 sepissime
1101 2949 1216 3006 contra
1242 2942 1392 3008 honesta·

209 3036 274 3093 tem
307 3030 341 3093 in
374 3031 462 3094 nuda
496 3039 585 3094 terra
617 3031 780 3109 derelicta
811 3037 848 3094 nt
881 3033 933 3093 rix
969 3032 1163 3113 quandoque
1193 3033 1307 3114 quinto
1332 3041 1390 3097 aut

209 3127 298 3183 sexto
332 3120 392 3198 die,
426 3120 527 3183 eciam
562 3121 602 3184 de
634 3121 748 3184 alienis
782 3122 975 3202 sumptibus
1001 3122 1251 3185 ecclesiasticam
1281 3123 1389 3203 capiat

208 3209 420 3290 sepulturam,
452 3209 635 3292 capellanis„
667 3211 850 3291 nepotibus,
874 3211 1029 3292 proximis
1054 3218 1086 3274 et
1110 3212 1226 3276 ceteris
1251 3212 1391 3275 familia-

209 3299 300 3362 ribus
322 3321 380 3380 pre
405 3299 520 3363 timore
545 3300 620 3362 hinc
646 3306 678 3362 et
702 3301 778 3365 inde
811 3300 972 3383 dispersis
1006 3302 1159 3382 qnoniam
1184 3303 1209 3364 si
1234 3303 1291 3383 qui
1318 3324 1392 3384 pre-

208 3389 371 3452 dictorum
395 3389 623 3472 comprehendi
648 3391 787 3467 valeant,
805 3391 836 3454 vi
862 3396 1099 3454 tormentorum
1122 3391 1164 3454 ad
1188 3392 1390 3455 reddendum

210 3479 456 3559 compelluntur,
490 3500 554 3542 non
588 3480 690 3542 solum
725 3501 762 3542 ea
789 3481 914 3561 quade
940 3481 1031 3544 bonis
1055 3481 1186 3544 ecclesie
1209 3479 1300 3560 (pro)
1324 3483 1393 3544 suis

209 3568 351 3631 serviciis
376 3569 573 3646 habuerunt,
598 3590 708 3631 verum
734 3569 835 3632 eciam
859 3571 1021 3650 acquisita
1046 3571 1270 3652 undecunque.
1303 3571 1390 3633 Item

208 3665 318 3739 preter
343 3658 401 3720 hoc
427 3658 513 3740 quod
538 3666 607 3721 toto
633 3665 776 3739 tempore
801 3661 980 3722 vacacionis
1014 3660 1144 3723 ecclesie
1177 3661 1392 3740 possessiones

209 3749 361 3826 eiusdem,
395 3753 504 3812 castra
537 3756 569 3811 et
604 3747 717 3829 predia
751 3771 808 3830 per
841 3749 1021 3830 potenciam
1056 3751 1204 3812 laicalem
1233 3759 1389 3832 occupata

209 3838 359 3916 existant,
385 3837 528 3900 eiusdem
553 3838 764 3919 proventibus
788 3839 977 3919 dilapidatis
1001 3845 1034 3901 et
1059 3840 1234 3918 distractis,
1267 3841 1300 3903 in
1325 3843 1390 3903 suis

208 3929 309 3990 eciam
326 3927 472 3991 vassallis
496 3928 664 4008 spoliatur,
688 3928 811 4009 absque
831 3929 1091 3992 consideracione
1111 3930 1261 4010 pietatis,
1288 3931 1335 3993 ita
1354 3939 1391 3992 nt

209 4016 350 4080 ecclesiis
374 4017 510 4094 violatis,
545 4017 642 4080 rebus
666 4016 786 4080 ibidem
811 4040 869 4098 pro
894 4018 1078 4082 defensione
1105 4020 1258 4100 depositis
1283 4027 1389 4083 extra-

208 4108 277 4179 ctis,
302 4107 395 4186 cives,
420 4107 535 4169 rustici
556 4107 752 4188 quicumque
776 4109 832 4188 qui
848 4108 1068 4170 verisimiliter
1084 4109 1210 4190 aliquid
1226 4109 1389 4191 possidere

208 4196 395 4272 creduntur,
429 4197 613 4276 capiuntur,
648 4203 680 4259 et
714 4198 900 4260 tormentali
935 4199 1116 4260 extorsione
1147 4221 1258 4262 corum
1298 4200 1392 4262 bonis

208 4285 330 4348 exactis
353 4286 394 4348 ad
421 4286 569 4349 ultimam
593 4286 689 4350 laniis
713 4287 853 4350 inediam
889 4286 1104 4350 deducuntur.
1138 4288 1225 4351 ltem
1258 4310 1331 4351 cnm
1355 4290 1387 4351 in

208 4375 311 4456 ipsam
337 4383 506 4438 vacantem
530 4376 697 4439 ecclesiam
721 4377 862 4456 aliquem
887 4378 1066 4457 promoveri
1091 4378 1260 4459 contingit,
1295 4401 1391 4460 regu-

208 4465 308 4526 larem
333 4465 398 4528 sive
423 4466 607 4542 secularem,
640 4466 790 4528 dominus
814 4487 870 4528 rex
895 4467 934 4528 de
959 4468 1188 4530 consuetudine
1213 4469 1263 4530 vel
1286 4470 1389 4550 magis

208 4553 363 4618 abusione
396 4555 521 4618 noviter
554 4556 753 4634 introducta,
787 4556 892 4636 ipsum
926 4564 1111 4636 promotum
1134 4578 1192 4639 per
1216 4558 1388 4639 quemdam

253 4675 426 4721 oxnm'bnrln
451 4689 467 4721 n
491 4690 518 4722 n.
543 4689 568 4720 n.
594 4689 713 4723 recursi
737 4689 786 4722 too
811 4679 958 4726 ronrauuz.
1267 4690 1278 4732 1
