3458 5492
306 416 372 475 204
606 417 608 422 ’
817 425 1004 474 ornnruurln
1020 451 1025 463 ·

303 616 354 675 est
387 607 513 690 dignus,
547 607 604 690 qui
636 608 670 671 in
703 606 763 669 hoc
795 606 895 669 etiam
926 605 1093 683 toleretur,
1127 612 1165 668 ut
1197 605 1254 688 qui
1279 606 1312 668 in
1336 605 1486 670 omnibus

304 721 386 781 pene
419 699 483 762 fuit
515 697 708 774 contrarius,
750 695 881 777 negotia
924 694 1177 758 difficultatibus
1216 695 1359 772 involvit,
1393 696 1487 760 homo

305 790 526 866 interessatus,
561 786 617 869 qni
650 806 714 848 non
747 785 962 848 naticnalium
991 783 1047 847 sed
1070 784 1244 848 curialium
1268 804 1398 849 causam
1423 807 1487 850 non

303 879 407 944 solum
424 883 540 941 contra
556 897 622 955 nos,
638 895 750 939 verum
774 875 873 937 etiam
898 873 1021 938 directe
1040 881 1154 937 contra
1171 880 1311 938 vestram
1336 876 1487 938 maiesta-

303 976 370 1032 tem
394 973 516 1045 tuetur,
541 966 621 1029 adeo
645 970 683 1027 ut
711 963 869 1046 quamdiu
892 964 960 1045 ipse
984 963 1086 1026 fuerit
1108 985 1225 1045 parum
1248 964 1326 1028 boni
1350 965 1394 1028 sit
1417 986 1487 1047 spe-

304 1058 461 1134 randum,
494 1057 528 1118 in
561 1054 630 1138 ipso
664 1053 750 1117 enim
782 1051 940 1122 consistit,
975 1059 1012 1115 ut
1044 1052 1244 1117 cardinalem
1269 1059 1487 1137 protectorem

303 1148 465 1226 informet,
490 1141 547 1227 qni
570 1145 712 1208 existens
728 1142 821 1206 nobis
837 1140 1021 1208 contrarius
1038 1143 1200 1206 subvertit
1223 1143 1331 1225 potius
1355 1145 1488 1225 negotia

304 1259 401 1320 quam
434 1241 608 1318 promovet.
641 1232 716 1296 Hoc
748 1237 857 1295 autem
887 1231 1016 1295 videtur
1041 1229 1218 1314 diligenter
1241 1233 1487 1313 advertendum,

305 1334 342 1391 ut
366 1328 400 1390 in
424 1321 591 1409 posterum
614 1322 747 1389 auditor
771 1321 944 1403 utriusque
959 1327 1208 1402 protectoratus·
1225 1342 1334 1385 coram
1358 1329 1487 1387 oratore

303 1423 429 1480 restrae
454 1411 635 1478 maiestatis
659 1409 880 1475 iuramentum
903 1408 1073 1474 fidelitatis
1096 1412 1247 1493 deponat,
1281 1433 1313 1475 se
1338 1412 1411 1476 iura
1435 1433 1486 1475 ve·

302 1513 390 1570 strae
415 1503 596 1568 maiestatis
619 1507 652 1564 et
676 1501 885 1564 ecclesiarum
909 1501 1126 1564 rationalium
1149 1523 1208 1584 pre
1232 1501 1356 1565 viribus
1381 1502 1486 1565 tuitu-

303 1615 395 1659 rum:
419 1592 557 1658 Oratori'
586 1587 697 1655 autem
729 1590 975 1670 iniungendum,
1012 1595 1052 1653 ut
1091 1591 1246 1654 attendat
1278 1597 1311 1655 et
1346 1591 1374 1655 si
1407 1587 1487 1673 quid

302 1684 662 1748 contra'iuramentum
686 1680 828 1762 egerint,
846 1677 990 1742 vestram
1005 1677 1210 1744 maiestatem
1234 1682 1346 1745 statim
1370 1681 1487 1745 certic-

303 1795 372 1839 rem
404 1773 540 1836 reddere
564 1769 951 1848 n0n=intermittat;.1ut
975 1765 1020 1832 sic
1036 1767 1177 1832 'velhoc
1200 1774 1297 1852 pacto
1320 1776 1354 1833 et
1377 1776 1487 1834 vestra

302 1866 456 1928 maiestas
488 1862 590 1944 possit
618 1860 794 1922 decorum
817 1857 979 1922 fidelitate
1009 1879 1076 1922 esse
1103 1879 1230 1938 secura,
1263 1866 1296 1923 et
1319 1860 1486 1924 auditores

303 1955 404 2018 etiam
437 1971 548 2015 coram
578 1949 738 2012 ministris
763 1946 939 2031 pontificiis
967 1945 1034 2012 sint
1051 1949 1212 2027 excusati,
1244 1949 1344 2012 seed
1367 1949 1486 2013 similia

302 2043 459 2125 obsequia
491 2062 530 2104 ex
564 2038 762 2121 obligatione
786 2038 964 2100 iuramenti
989 2039 1103 2118 teneri,
1127 2038 1272 2121 alioquin
1297 2039 1486 2119 timendum,

303 2154 344 2196 ne
368 2154 387 2196 a
411 2129 590 2195 curialibus
614 2129 724 2193 odium
748 2133 782 2191 et
805 2128 1063 2209 persecutionem
1087 2125 1266 2211 patiantur.

410 2220 561 2303 Denique
586 2226 698 2282 extare
732 2216 854 2280 dicitur
881 2218 915 2280 in
940 2215 1109 2281 Dalmatia
1133 2217 1167 2281 in
1191 2217 1337 2299 capitulo
1359 2217 1487 2298 Tragu-

302 2310 402 2373 riensi
418 2311 510 2374 bulla
526 2307 685 2390 Sylvestri
701 2327 804 2389 papae
821 2302 880 2368 pei,
900 2307 934 2370 in
951 2328 1016 2388 qua
1032 2307 1091 2370 dat
1114 2308 1346 2389 amplissimam
1369 2307 1485 2370 autho-

301 2399 445 2478 ritatem,
477 2399 627 2480 vicesque
660 2417 735 2460 suas
768 2397 802 2458 in
836 2395 1026 2460 ordinandis
1065 2397 1215 2460 omnibus
1250 2397 1293 2461 ad
1333 2415 1485 2460 coronam

301 2487 496 2570 Hungariae
512 2486 737 2570 spectantibus
749 2485 895 2549 ecclesiis
913 2483 944 2550 S.
969 2484 1139 2566 Stephano*
1151 2487 1220 2568 regi
1237 2485 1375 2568 delegat,
1387 2507 1486 2568 quam

303 2577 471 2642 Antonius
485 2577 674 2654 Verantius,
699 2575 959 2657 archiepiscopus
984 2576 1148 2657 quondam
1168 2574 1409 2658 Strigoniensis,
1434 2595 1486 2639 cc-

301 2668 429 2732 casione
454 2673 562 2732 certae
578 2664 750 2748 legationis
767 2665 901 2727 visitans
921 2663 1046 2728 dictum
1062 2665 1485 2748 capitulum-descripserat.

302 2757 395 2821 Haec
418 2757 519 2836 hulla,
542 2756 674 2820 tametsi
691 2776 710 2817 a
727 2761 820 2836 patre
837 2754 1017 2818 Melchiore
1037 2754 1182 2834 Inhcfer,
1206 2756 1370 2819 societatis
1393 2755 1485 2834 Jesu,

302 2847 370 2912 viro
402 2845 622 2929 integerrimo,
654 2843 828 2909 annalibus
862 2842 1057 2924 Hungariae
1089 2844 1133 2908 sit
1156 2846 1289 2924 inserta,
1314 2852 1352 2909 ut
1376 2851 1485 2908 tamen

302 2959 338 3001 eo
371 2936 477 3001 tutius
508 2935 611 3019 possit
643 2936 693 2998 ins
726 2954 837 2997 sacrae
870 2953 1006 2996 coronae
1036 2933 1175 3013 delendi,
1201 2942 1309 2998 vestra
1333 2935 1486 2998 maiestas

302 3027 465 3109 dignetur,
498 3045 556 3108 per
587 3030 750 3089 oratorem
783 3044 877 3085 suum
910 3022 1077 3086 dominum
1109 3022 1295 3087 Antonium
1335 3025 1486 3088 comitem

301 3117 491 3194 Rahattam,
516 3135 536 3176 a
559 3114 763 3177 serenissima
787 3111 955 3194 republica
978 3111 1116 3192 Veneta,
1141 3115 1190 3176 vel
1222 3115 1256 3176 in
1290 3115 1403 3196 specie,
1435 3114 1486 3176 vel

301 3206 418 3270 saltem
451 3206 485 3268 in
523 3211 745 3286 transsumpto
778 3202 977 3280 authentice,
1011 3202 1133 3267 dictam
1171 3203 1296 3266 bullam
1328 3205 1484 3267 obtinere.

301 3293 491 3378 Capitulum
524 3293 609 3356 enim
644 3292 862 3374 Traguriense
886 3291 953 3354 sine
978 3291 1109 3372 speciali
1132 3293 1354 3356 commissione
1377 3294 1485 3375 reipu-

301 3385 407 3449 blicae
431 3383 584 3447 exhibere
607 3404 671 3446 non
695 3381 839 3446 audebit.
865 3379 1006 3444 Accedit
1029 3381 1116 3462 quod
1140 3383 1358 3447 intellexerim
1386 3383 1485 3464 privi-

301 3475 387 3558 legia
410 3473 542 3536 maioris
566 3471 722 3536 momenti
745 3491 785 3532 ex
813 3469 901 3534 dicto
925 3470 1069 3552 capitulo
1093 3471 1303 3554 erepublica
1327 3471 1485 3537 Venetiae

303 3565 336 3627 in
361 3563 529 3626 archivum
562 3582 630 3626 esse
664 3561 833 3624 translata.
867 3559 989 3622 Judico
1014 3563 1231 3625 necessarium
1256 3581 1323 3626 esse
1346 3561 1484 3641 omnine,

302 3660 340 3717 ut
364 3654 448 3717 hanc
472 3652 596 3716 bullam
619 3657 729 3713 vestra
751 3650 905 3712 maiestas
920 3649 1110 3713 authentice
1127 3672 1224 3733 quam
1240 3649 1383 3734 primum
1401 3651 1485 3716 obti-

301 3749 397 3825 neat;
429 3743 475 3806 sic
508 3741 594 3804 enim
627 3740 747 3802 mirum
779 3739 814 3802 in
837 3738 969 3802 modum
993 3738 1227 3804 facilitabimus
1251 3739 1426 3824 negotium,
1451 3748 1484 3804 et

301 3835 376 3898 iura·
399 3838 527 3896 vestrae
551 3827 743 3894 maiestatis
756 3828 844 3912 apud
863 3828 971 3892 sedem
990 3829 1201 3910 apostolicam
1218 3851 1292 3895 eum
1308 3830 1485 3894 securitate

302 3923 503 3986 tuebimun

302 4157 316 4201 2
410 4080 554 4212 (Εςγξοιιί
583 4079 701 4130 masolat
720 4093 736 4128 a
755 4075 830 4128 be'csi
860 4076 960 4128 udveri
988 4077 1106 4130 leveltar
1134 4075 1269 4142 heriratai
1292 4081 1364 4130 roze.
1387 4082 1484 4148 ¹(leder

301 4158 362 4214 Ι46.
382 4169 408 4218 p.
432 4158 489 4202 132.
