<?xml version="1.0" encoding="UTF-8"?>
<!DOCTYPE html PUBLIC "-//W3C//DTD XHTML 1.0 Transitional//EN"
    "http://www.w3.org/TR/xhtml1/DTD/xhtml1-transitional.dtd">
<html xmlns="http://www.w3.org/1999/xhtml" xml:lang="en" lang="en">
 <head>
  <title>
</title>
<meta http-equiv="Content-Type" content="text/html;charset=utf-8" />
  <meta name='ocr-system' content='tesseract 3.04.00' />
  <meta name='ocr-capabilities' content='ocr_page ocr_carea ocr_par ocr_line ocrx_word'/>
</head>
<body>
  <div class='ocr_page' id='page_1' title='image "./oklevltramagyar00frakgoog_0133.png"; bbox 0 0 3454 5492; ppageno 0'>
   <div class='ocr_carea' id='block_1_1' title="bbox 311 448 996 508">
    <p class='ocr_par' dir='ltr' id='par_1_1' title="bbox 311 448 996 508">
     <span class='ocr_line' id='line_1_1' title="bbox 311 448 996 508; baseline 0.003 -3"><span class='ocrx_word' id='word_1_1' title='bbox 311 448 352 506; x_wconf 78' lang='grc'>96</span> <span class='ocrx_word' id='word_1_2' title='bbox 800 453 996 508; x_wconf 77' lang='lat' dir='ltr'>oxrurtnrlu</span> 
     </span>
    </p>
   </div>
   <div class='ocr_carea' id='block_1_2' title="bbox 227 636 1511 2972">
    <p class='ocr_par' dir='ltr' id='par_1_2' title="bbox 227 636 1511 2972">
     <span class='ocr_line' id='line_1_2' title="bbox 311 636 1494 722; baseline -0.002 -18"><span class='ocrx_word' id='word_1_3' title='bbox 311 663 384 704; x_wconf 91' lang='lat' dir='ltr'>rum</span> <span class='ocrx_word' id='word_1_4' title='bbox 407 661 483 722; x_wconf 89' lang='lat' dir='ltr'>pars</span> <span class='ocrx_word' id='word_1_5' title='bbox 507 661 570 703; x_wconf 90' lang='lat' dir='ltr'>non</span> <span class='ocrx_word' id='word_1_6' title='bbox 595 639 721 702; x_wconf 84' lang='lat' dir='ltr'>modica</span> <span class='ocrx_word' id='word_1_7' title='bbox 744 660 802 721; x_wconf 93' lang='lat' dir='ltr'>per</span> <span class='ocrx_word' id='word_1_8' title='bbox 832 639 959 702; x_wconf 89' lang='lat' dir='ltr'>eosdem</span> <span class='ocrx_word' id='word_1_9' title='bbox 992 638 1101 702; x_wconf 87' lang='lat' dir='ltr'>hostes</span> <span class='ocrx_word' id='word_1_10' title='bbox 1133 636 1265 701; x_wconf 86' lang='lat' dir='ltr'>flamma</span> <span class='ocrx_word' id='word_1_11' title='bbox 1288 645 1321 702; x_wconf 88' lang='lat' dir='ltr'>et</span> <span class='ocrx_word' id='word_1_12' title='bbox 1344 637 1494 703; x_wconf 82' lang='lat' dir='ltr'>incendio</span> 
     </span>
     <span class='ocr_line' id='line_1_3' title="bbox 227 727 1493 813; baseline -0.002 -19"><span class='ocrx_word' id='word_1_13' title='bbox 227 727 229 732; x_wconf 73' lang='grc'><strong>’</strong></span> <span class='ocrx_word' id='word_1_14' title='bbox 310 729 455 813; x_wconf 90' lang='lat' dir='ltr'>perdite;</span> <span class='ocrx_word' id='word_1_15' title='bbox 479 729 562 793; x_wconf 88' lang='lat' dir='ltr'>adeo</span> <span class='ocrx_word' id='word_1_16' title='bbox 584 735 622 792; x_wconf 92' lang='lat' dir='ltr'>ut</span> <span class='ocrx_word' id='word_1_17' title='bbox 645 749 804 792; x_wconf 90' lang='lat' dir='ltr'>summam</span> <span class='ocrx_word' id='word_1_18' title='bbox 822 750 887 810; x_wconf 89' lang='lat' dir='ltr'>qua</span> <span class='ocrx_word' id='word_1_19' title='bbox 903 727 982 793; x_wconf 90' lang='lat' dir='ltr'>solvi</span> <span class='ocrx_word' id='word_1_20' title='bbox 998 734 1131 808; x_wconf 89' lang='lat' dir='ltr'>annata,</span> <span class='ocrx_word' id='word_1_21' title='bbox 1155 728 1301 809; x_wconf 87' lang='lat' dir='ltr'>expediri</span> <span class='ocrx_word' id='word_1_22' title='bbox 1325 729 1493 793; x_wconf 87' lang='lat' dir='ltr'>confirma-</span> 
     </span>
     <span class='ocr_line' id='line_1_4' title="bbox 311 817 1495 901; baseline 0 -18"><span class='ocrx_word' id='word_1_23' title='bbox 311 821 360 884; x_wconf 89' lang='lat' dir='ltr'>cio</span> <span class='ocrx_word' id='word_1_24' title='bbox 378 819 552 899; x_wconf 78' lang='lat' dir='ltr'>debuisset,</span> <span class='ocrx_word' id='word_1_25' title='bbox 574 817 617 882; x_wconf 88' lang='lat' dir='ltr'>ad</span> <span class='ocrx_word' id='word_1_26' title='bbox 634 818 721 882; x_wconf 91' lang='lat' dir='ltr'>hunc</span> <span class='ocrx_word' id='word_1_27' title='bbox 737 817 823 882; x_wconf 90' lang='lat' dir='ltr'>diem</span> <span class='ocrx_word' id='word_1_28' title='bbox 839 818 1010 882; x_wconf 91' lang='lat' dir='ltr'>corradere</span> <span class='ocrx_word' id='word_1_29' title='bbox 1027 818 1115 882; x_wconf 92' lang='lat' dir='ltr'>nullo</span> <span class='ocrx_word' id='word_1_30' title='bbox 1129 818 1223 882; x_wconf 91' lang='lat' dir='ltr'>modo</span> <span class='ocrx_word' id='word_1_31' title='bbox 1239 819 1391 901; x_wconf 89' lang='lat' dir='ltr'>potuerit.</span> <span class='ocrx_word' id='word_1_32' title='bbox 1416 819 1495 883; x_wconf 92' lang='lat' dir='ltr'>Pro·</span> 
     </span>
     <span class='ocr_line' id='line_1_5' title="bbox 280 907 1495 992; baseline 0 -19"><span class='ocrx_word' id='word_1_33' title='bbox 280 976 282 980; x_wconf 20' lang='lat' dir='ltr'><strong><em>f</em></strong></span> <span class='ocrx_word' id='word_1_34' title='bbox 311 916 423 992; x_wconf 77' lang='lat' dir='ltr'>pterea</span> <span class='ocrx_word' id='word_1_35' title='bbox 440 914 581 973; x_wconf 87' lang='lat' dir='ltr'>vestram</span> <span class='ocrx_word' id='word_1_36' title='bbox 597 909 808 973; x_wconf 86' lang='lat' dir='ltr'>sanctitatem</span> <span class='ocrx_word' id='word_1_37' title='bbox 824 930 888 988; x_wconf 89' lang='lat' dir='ltr'>oro,</span> <span class='ocrx_word' id='word_1_38' title='bbox 905 909 1061 990; x_wconf 78' lang='lat' dir='ltr'>dignetur</span> <span class='ocrx_word' id='word_1_39' title='bbox 1077 929 1149 972; x_wconf 90' lang='lat' dir='ltr'>mea</span> <span class='ocrx_word' id='word_1_40' title='bbox 1164 929 1263 972; x_wconf 87' lang='lat' dir='ltr'>causa</span> <span class='ocrx_word' id='word_1_41' title='bbox 1279 930 1337 991; x_wconf 91' lang='lat' dir='ltr'>per</span> <span class='ocrx_word' id='word_1_42' title='bbox 1353 907 1495 990; x_wconf 84' lang='lat' dir='ltr'>diploma</span> 
     </span>
     <span class='ocr_line' id='line_1_6' title="bbox 311 997 1494 1081; baseline -0.002 -17"><span class='ocrx_word' id='word_1_43' title='bbox 311 1021 366 1064; x_wconf 90' lang='lat' dir='ltr'>seu</span> <span class='ocrx_word' id='word_1_44' title='bbox 399 999 496 1064; x_wconf 88' lang='lat' dir='ltr'>breve</span> <span class='ocrx_word' id='word_1_45' title='bbox 528 997 749 1081; x_wconf 88' lang='lat' dir='ltr'>apostolicum,</span> <span class='ocrx_word' id='word_1_46' title='bbox 783 999 851 1080; x_wconf 87' lang='lat' dir='ltr'>ipso</span> <span class='ocrx_word' id='word_1_47' title='bbox 884 998 1013 1062; x_wconf 92' lang='lat' dir='ltr'>domino</span> <span class='ocrx_word' id='word_1_48' title='bbox 1041 997 1290 1080; x_wconf 89' lang='lat' dir='ltr'>Wesprimiensi</span> <span class='ocrx_word' id='word_1_49' title='bbox 1322 1004 1494 1080; x_wconf 89' lang='lat' dir='ltr'>paternam</span> 
     </span>
     <span class='ocr_line' id='line_1_7' title="bbox 312 1088 1495 1173; baseline -0.001 -20"><span class='ocrx_word' id='word_1_50' title='bbox 312 1089 474 1173; x_wconf 89' lang='lat' dir='ltr'>impartiri</span> <span class='ocrx_word' id='word_1_51' title='bbox 497 1088 767 1168; x_wconf 80' lang='lat' dir='ltr'>benediccionem,</span> <span class='ocrx_word' id='word_1_52' title='bbox 791 1088 891 1171; x_wconf 92' lang='lat' dir='ltr'>idque</span> <span class='ocrx_word' id='word_1_53' title='bbox 914 1089 1090 1152; x_wconf 88' lang='lat' dir='ltr'>clementer</span> <span class='ocrx_word' id='word_1_54' title='bbox 1113 1109 1266 1168; x_wconf 80' lang='lat' dir='ltr'>annuere,</span> <span class='ocrx_word' id='word_1_55' title='bbox 1287 1094 1324 1152; x_wconf 92' lang='lat' dir='ltr'>ut</span> <span class='ocrx_word' id='word_1_56' title='bbox 1348 1110 1405 1171; x_wconf 89' lang='lat' dir='ltr'>per</span> <span class='ocrx_word' id='word_1_57' title='bbox 1430 1090 1495 1172; x_wconf 92' lang='lat' dir='ltr'>epi·</span> 
     </span>
     <span class='ocr_line' id='line_1_8' title="bbox 311 1177 1496 1262; baseline -0.001 -18"><span class='ocrx_word' id='word_1_58' title='bbox 311 1201 422 1262; x_wconf 91' lang='lat' dir='ltr'>scopos</span> <span class='ocrx_word' id='word_1_59' title='bbox 454 1180 522 1242; x_wconf 91' lang='lat' dir='ltr'>ritu</span> <span class='ocrx_word' id='word_1_60' title='bbox 556 1179 689 1242; x_wconf 81' lang='lat' dir='ltr'>solemni</span> <span class='ocrx_word' id='word_1_61' title='bbox 722 1179 904 1242; x_wconf 90' lang='lat' dir='ltr'>consecrari</span> <span class='ocrx_word' id='word_1_62' title='bbox 928 1184 962 1243; x_wconf 92' lang='lat' dir='ltr'>et</span> <span class='ocrx_word' id='word_1_63' title='bbox 986 1177 1212 1242; x_wconf 83' lang='lat' dir='ltr'>funccionibus</span> <span class='ocrx_word' id='word_1_64' title='bbox 1245 1177 1420 1260; x_wconf 90' lang='lat' dir='ltr'>pontificiis</span> <span class='ocrx_word' id='word_1_65' title='bbox 1444 1180 1496 1243; x_wconf 93' lang='lat' dir='ltr'>uti</span> 
     </span>
     <span class='ocr_line' id='line_1_9' title="bbox 312 1267 1495 1352; baseline -0.001 -19"><span class='ocrx_word' id='word_1_66' title='bbox 312 1269 421 1352; x_wconf 82' lang='lat' dir='ltr'>possit,</span> <span class='ocrx_word' id='word_1_67' title='bbox 444 1269 486 1332; x_wconf 88' lang='lat' dir='ltr'>ad</span> <span class='ocrx_word' id='word_1_68' title='bbox 511 1269 597 1350; x_wconf 93' lang='lat' dir='ltr'>quod</span> <span class='ocrx_word' id='word_1_69' title='bbox 621 1267 847 1332; x_wconf 88' lang='lat' dir='ltr'>vehemencius</span> <span class='ocrx_word' id='word_1_70' title='bbox 871 1268 1089 1350; x_wconf 90' lang='lat' dir='ltr'>expetendum</span> <span class='ocrx_word' id='word_1_71' title='bbox 1114 1274 1210 1350; x_wconf 86' lang='lat' dir='ltr'>urget</span> <span class='ocrx_word' id='word_1_72' title='bbox 1235 1269 1397 1332; x_wconf 90' lang='lat' dir='ltr'>hominem</span> <span class='ocrx_word' id='word_1_73' title='bbox 1420 1291 1495 1351; x_wconf 91' lang='lat' dir='ltr'>par-</span> 
     </span>
     <span class='ocr_line' id='line_1_10' title="bbox 312 1355 1495 1440; baseline -0.002 -16"><span class='ocrx_word' id='word_1_74' title='bbox 312 1361 371 1424; x_wconf 92' lang='lat' dir='ltr'>tim</span> <span class='ocrx_word' id='word_1_75' title='bbox 395 1358 531 1424; x_wconf 87' lang='lat' dir='ltr'>affectus</span> <span class='ocrx_word' id='word_1_76' title='bbox 555 1378 612 1424; x_wconf 90' lang='lat' dir='ltr'>sue</span> <span class='ocrx_word' id='word_1_77' title='bbox 636 1357 843 1438; x_wconf 83' lang='lat' dir='ltr'>consciencie,</span> <span class='ocrx_word' id='word_1_78' title='bbox 875 1358 997 1440; x_wconf 91' lang='lat' dir='ltr'>partim</span> <span class='ocrx_word' id='word_1_79' title='bbox 1031 1357 1144 1440; x_wconf 83' lang='lat' dir='ltr'>religio</span> <span class='ocrx_word' id='word_1_80' title='bbox 1178 1379 1243 1440; x_wconf 89' lang='lat' dir='ltr'>qua</span> <span class='ocrx_word' id='word_1_81' title='bbox 1266 1357 1374 1422; x_wconf 89' lang='lat' dir='ltr'>sedem</span> <span class='ocrx_word' id='word_1_82' title='bbox 1398 1355 1495 1422; x_wconf 89' lang='lat' dir='ltr'>istam</span> 
     </span>
     <span class='ocr_line' id='line_1_11' title="bbox 311 1446 1495 1532; baseline -0.002 -18"><span class='ocrx_word' id='word_1_83' title='bbox 311 1449 521 1532; x_wconf 86' lang='lat' dir='ltr'>apostolicam</span> <span class='ocrx_word' id='word_1_84' title='bbox 533 1453 718 1512; x_wconf 87' lang='lat' dir='ltr'>veneratur.</span> <span class='ocrx_word' id='word_1_85' title='bbox 733 1446 941 1512; x_wconf 90' lang='lat' dir='ltr'>Prescribere</span> <span class='ocrx_word' id='word_1_86' title='bbox 956 1453 1066 1512; x_wconf 89' lang='lat' dir='ltr'>autem</span> <span class='ocrx_word' id='word_1_87' title='bbox 1079 1447 1237 1512; x_wconf 84' lang='lat' dir='ltr'>sanctitas</span> <span class='ocrx_word' id='word_1_88' title='bbox 1250 1454 1357 1513; x_wconf 87' lang='lat' dir='ltr'>vestra</span> <span class='ocrx_word' id='word_1_89' title='bbox 1373 1449 1495 1532; x_wconf 89' lang='lat' dir='ltr'>poterit</span> 
     </span>
     <span class='ocr_line' id='line_1_12' title="bbox 313 1535 1494 1622; baseline -0.001 -19"><span class='ocrx_word' id='word_1_90' title='bbox 313 1546 448 1622; x_wconf 87' lang='lat' dir='ltr'>tempus,</span> <span class='ocrx_word' id='word_1_91' title='bbox 472 1561 618 1603; x_wconf 90' lang='lat' dir='ltr'>annuum</span> <span class='ocrx_word' id='word_1_92' title='bbox 641 1535 719 1616; x_wconf 82' lang='lat' dir='ltr'>(sio)</span> <span class='ocrx_word' id='word_1_93' title='bbox 742 1537 907 1602; x_wconf 90' lang='lat' dir='ltr'>bullarum</span> <span class='ocrx_word' id='word_1_94' title='bbox 931 1537 1141 1620; x_wconf 74' lang='lat' dir='ltr'>expeditioni,</span> <span class='ocrx_word' id='word_1_95' title='bbox 1165 1538 1359 1621; x_wconf 88' lang='lat' dir='ltr'>interposita</span> <span class='ocrx_word' id='word_1_96' title='bbox 1384 1540 1494 1619; x_wconf 90' lang='lat' dir='ltr'>eciam,</span> 
     </span>
     <span class='ocr_line' id='line_1_13' title="bbox 311 1626 1493 1711; baseline -0.003 -16"><span class='ocrx_word' id='word_1_97' title='bbox 311 1631 338 1695; x_wconf 90' lang='lat' dir='ltr'>si</span> <span class='ocrx_word' id='word_1_98' title='bbox 362 1629 522 1708; x_wconf 86' lang='lat' dir='ltr'>videatur,</span> <span class='ocrx_word' id='word_1_99' title='bbox 556 1649 701 1707; x_wconf 86' lang='lat' dir='ltr'>censura,</span> <span class='ocrx_word' id='word_1_100' title='bbox 735 1628 797 1692; x_wconf 91' lang='lat' dir='ltr'>nisi</span> <span class='ocrx_word' id='word_1_101' title='bbox 831 1626 963 1692; x_wconf 91' lang='lat' dir='ltr'>interim</span> <span class='ocrx_word' id='word_1_102' title='bbox 996 1649 1050 1692; x_wconf 89' lang='lat' dir='ltr'>eas</span> <span class='ocrx_word' id='word_1_103' title='bbox 1082 1628 1298 1711; x_wconf 88' lang='lat' dir='ltr'>expediendas</span> <span class='ocrx_word' id='word_1_104' title='bbox 1322 1629 1493 1694; x_wconf 80' lang='lat' dir='ltr'>curaverit.</span> 
     </span>
     <span class='ocr_line' id='line_1_14' title="bbox 311 1717 1495 1802; baseline -0.003 -17"><span class='ocrx_word' id='word_1_105' title='bbox 311 1720 435 1785; x_wconf 86' lang='lat' dir='ltr'>Nostra</span> <span class='ocrx_word' id='word_1_106' title='bbox 459 1739 587 1802; x_wconf 91' lang='lat' dir='ltr'>quoque</span> <span class='ocrx_word' id='word_1_107' title='bbox 611 1717 757 1797; x_wconf 89' lang='lat' dir='ltr'>interest,</span> <span class='ocrx_word' id='word_1_108' title='bbox 782 1724 820 1782; x_wconf 91' lang='lat' dir='ltr'>ut</span> <span class='ocrx_word' id='word_1_109' title='bbox 844 1717 993 1782; x_wconf 88' lang='lat' dir='ltr'>dominus</span> <span class='ocrx_word' id='word_1_110' title='bbox 1014 1718 1280 1800; x_wconf 89' lang='lat' dir='ltr'>Wesprimicnsis</span> <span class='ocrx_word' id='word_1_111' title='bbox 1304 1719 1495 1783; x_wconf 91' lang='lat' dir='ltr'>muneribus</span> 
     </span>
     <span class='ocr_line' id='line_1_15' title="bbox 311 1806 1495 1893; baseline -0.001 -19"><span class='ocrx_word' id='word_1_112' title='bbox 311 1811 470 1892; x_wconf 85' lang='lat' dir='ltr'>iungatur</span> <span class='ocrx_word' id='word_1_113' title='bbox 489 1806 686 1890; x_wconf 79' lang='lat' dir='ltr'>pontificiis3</span> <span class='ocrx_word' id='word_1_114' title='bbox 710 1828 783 1871; x_wconf 92' lang='lat' dir='ltr'>cum</span> <span class='ocrx_word' id='word_1_115' title='bbox 803 1808 856 1870; x_wconf 86' lang='lat' dir='ltr'>vix</span> <span class='ocrx_word' id='word_1_116' title='bbox 875 1829 960 1871; x_wconf 92' lang='lat' dir='ltr'>unus</span> <span class='ocrx_word' id='word_1_117' title='bbox 983 1814 1042 1872; x_wconf 90' lang='lat' dir='ltr'>aut</span> <span class='ocrx_word' id='word_1_118' title='bbox 1066 1808 1149 1872; x_wconf 87' lang='lat' dir='ltr'>alter</span> <span class='ocrx_word' id='word_1_119' title='bbox 1174 1809 1316 1891; x_wconf 88' lang='lat' dir='ltr'>supersit</span> <span class='ocrx_word' id='word_1_120' title='bbox 1339 1830 1379 1873; x_wconf 88' lang='lat' dir='ltr'>ex</span> <span class='ocrx_word' id='word_1_121' title='bbox 1401 1809 1495 1893; x_wconf 84' lang='lat' dir='ltr'>regni</span> 
     </span>
     <span class='ocr_line' id='line_1_16' title="bbox 312 1897 1511 1981; baseline -0.002 -17"><span class='ocrx_word' id='word_1_122' title='bbox 312 1900 415 1964; x_wconf 89' lang='lat' dir='ltr'>nostri</span> <span class='ocrx_word' id='word_1_123' title='bbox 438 1897 612 1981; x_wconf 83' lang='lat' dir='ltr'>Hungarie</span> <span class='ocrx_word' id='word_1_124' title='bbox 628 1897 794 1980; x_wconf 84' lang='lat' dir='ltr'>episcopie,</span> <span class='ocrx_word' id='word_1_125' title='bbox 811 1897 868 1980; x_wconf 89' lang='lat' dir='ltr'>qui</span> <span class='ocrx_word' id='word_1_126' title='bbox 884 1898 927 1962; x_wconf 87' lang='lat' dir='ltr'>sit</span> <span class='ocrx_word' id='word_1_127' title='bbox 943 1905 1158 1962; x_wconf 85' lang='lat' dir='ltr'>consecratus.</span> <span class='ocrx_word' id='word_1_128' title='bbox 1188 1897 1308 1964; x_wconf 89' lang='lat' dir='ltr'>Omnes</span> <span class='ocrx_word' id='word_1_129' title='bbox 1325 1900 1410 1964; x_wconf 91' lang='lat' dir='ltr'>enim</span> <span class='ocrx_word' id='word_1_130' title='bbox 1427 1900 1511 1964; x_wconf 85' lang='lat' dir='ltr'>fere</span> 
     </span>
     <span class='ocr_line' id='line_1_17' title="bbox 314 1987 1494 2071; baseline -0.001 -18"><span class='ocrx_word' id='word_1_131' title='bbox 314 1991 348 2053; x_wconf 91' lang='lat' dir='ltr'>in</span> <span class='ocrx_word' id='word_1_132' title='bbox 372 2011 409 2054; x_wconf 89' lang='lat' dir='ltr'>ea</span> <span class='ocrx_word' id='word_1_133' title='bbox 442 2010 540 2071; x_wconf 91' lang='lat' dir='ltr'>quam</span> <span class='ocrx_word' id='word_1_134' title='bbox 573 1987 714 2051; x_wconf 89' lang='lat' dir='ltr'>diximus</span> <span class='ocrx_word' id='word_1_135' title='bbox 747 1987 955 2070; x_wconf 86' lang='lat' dir='ltr'>expedicione</span> <span class='ocrx_word' id='word_1_136' title='bbox 980 1994 1058 2052; x_wconf 93' lang='lat' dir='ltr'>sunt</span> <span class='ocrx_word' id='word_1_137' title='bbox 1082 1988 1227 2053; x_wconf 88' lang='lat' dir='ltr'>extincti.</span> <span class='ocrx_word' id='word_1_138' title='bbox 1251 1989 1362 2054; x_wconf 87' lang='lat' dir='ltr'>Instat</span> <span class='ocrx_word' id='word_1_139' title='bbox 1385 1995 1494 2053; x_wconf 86' lang='lat' dir='ltr'>autern</span> 
     </span>
     <span class='ocr_line' id='line_1_18' title="bbox 312 2078 1494 2164; baseline -0.002 -19"><span class='ocrx_word' id='word_1_140' title='bbox 312 2087 449 2164; x_wconf 88' lang='lat' dir='ltr'>tempus,</span> <span class='ocrx_word' id='word_1_141' title='bbox 484 2099 547 2161; x_wconf 90' lang='lat' dir='ltr'>quo</span> <span class='ocrx_word' id='word_1_142' title='bbox 571 2098 630 2160; x_wconf 84' lang='lat' dir='ltr'>ego</span> <span class='ocrx_word' id='word_1_143' title='bbox 653 2082 686 2140; x_wconf 91' lang='lat' dir='ltr'>et</span> <span class='ocrx_word' id='word_1_144' title='bbox 709 2079 915 2142; x_wconf 88' lang='lat' dir='ltr'>serenissima</span> <span class='ocrx_word' id='word_1_145' title='bbox 938 2078 1078 2142; x_wconf 89' lang='lat' dir='ltr'>coniunx</span> <span class='ocrx_word' id='word_1_146' title='bbox 1110 2099 1190 2160; x_wconf 90' lang='lat' dir='ltr'>mea,</span> <span class='ocrx_word' id='word_1_147' title='bbox 1223 2079 1434 2161; x_wconf 89' lang='lat' dir='ltr'>optimacium</span> <span class='ocrx_word' id='word_1_148' title='bbox 1458 2101 1494 2144; x_wconf 89' lang='lat' dir='ltr'>ac</span> 
     </span>
     <span class='ocr_line' id='line_1_19' title="bbox 313 2167 1495 2252; baseline 0 -18"><span class='ocrx_word' id='word_1_149' title='bbox 313 2171 417 2234; x_wconf 87' lang='lat' dir='ltr'>tocius</span> <span class='ocrx_word' id='word_1_150' title='bbox 449 2169 542 2252; x_wconf 87' lang='lat' dir='ltr'>regni</span> <span class='ocrx_word' id='word_1_151' title='bbox 575 2188 740 2248; x_wconf 89' lang='lat' dir='ltr'>consensu,</span> <span class='ocrx_word' id='word_1_152' title='bbox 773 2167 866 2249; x_wconf 85' lang='lat' dir='ltr'>juxta</span> <span class='ocrx_word' id='word_1_153' title='bbox 890 2173 1031 2232; x_wconf 86' lang='lat' dir='ltr'>veterem</span> <span class='ocrx_word' id='word_1_154' title='bbox 1056 2174 1167 2233; x_wconf 92' lang='lat' dir='ltr'>sancte</span> <span class='ocrx_word' id='word_1_155' title='bbox 1191 2169 1322 2234; x_wconf 89' lang='lat' dir='ltr'>ecclesie</span> <span class='ocrx_word' id='word_1_156' title='bbox 1345 2169 1495 2235; x_wconf 86' lang='lat' dir='ltr'>observa-</span> 
     </span>
     <span class='ocr_line' id='line_1_20' title="bbox 313 2257 1495 2344; baseline 0 -22"><span class='ocrx_word' id='word_1_157' title='bbox 313 2261 445 2338; x_wconf 89' lang='lat' dir='ltr'>cionem,</span> <span class='ocrx_word' id='word_1_158' title='bbox 470 2259 597 2340; x_wconf 86' lang='lat' dir='ltr'>insigne</span> <span class='ocrx_word' id='word_1_159' title='bbox 620 2257 746 2339; x_wconf 81' lang='lat' dir='ltr'>regium</span> <span class='ocrx_word' id='word_1_160' title='bbox 771 2264 803 2322; x_wconf 92' lang='lat' dir='ltr'>et</span> <span class='ocrx_word' id='word_1_161' title='bbox 827 2279 979 2322; x_wconf 87' lang='lat' dir='ltr'>coronam</span> <span class='ocrx_word' id='word_1_162' title='bbox 1002 2278 1060 2340; x_wconf 93' lang='lat' dir='ltr'>per</span> <span class='ocrx_word' id='word_1_163' title='bbox 1084 2280 1199 2323; x_wconf 90' lang='lat' dir='ltr'>manus</span> <span class='ocrx_word' id='word_1_164' title='bbox 1223 2259 1323 2342; x_wconf 87' lang='lat' dir='ltr'>ipsius</span> <span class='ocrx_word' id='word_1_165' title='bbox 1355 2261 1495 2344; x_wconf 89' lang='lat' dir='ltr'>episcopi</span> 
     </span>
     <span class='ocr_line' id='line_1_21' title="bbox 313 2346 1495 2433; baseline 0 -20"><span class='ocrx_word' id='word_1_166' title='bbox 313 2349 585 2432; x_wconf 72' lang='lat' dir='ltr'>Wesprimicnsis,</span> <span class='ocrx_word' id='word_1_167' title='bbox 620 2346 750 2430; x_wconf 86' lang='lat' dir='ltr'>auspice</span> <span class='ocrx_word' id='word_1_168' title='bbox 782 2347 861 2429; x_wconf 90' lang='lat' dir='ltr'>Deo,</span> <span class='ocrx_word' id='word_1_169' title='bbox 893 2369 1005 2412; x_wconf 92' lang='lat' dir='ltr'>sumus</span> <span class='ocrx_word' id='word_1_170' title='bbox 1037 2350 1213 2432; x_wconf 86' lang='lat' dir='ltr'>accepturi.</span> <span class='ocrx_word' id='word_1_171' title='bbox 1246 2349 1362 2414; x_wconf 81' lang='lat' dir='ltr'>Faciet</span> <span class='ocrx_word' id='word_1_172' title='bbox 1393 2351 1495 2433; x_wconf 84' lang='lat' dir='ltr'>igitur</span> 
     </span>
     <span class='ocr_line' id='line_1_22' title="bbox 313 2437 1495 2521; baseline 0.002 -19"><span class='ocrx_word' id='word_1_173' title='bbox 313 2441 470 2504; x_wconf 84' lang='lat' dir='ltr'>sanctitas</span> <span class='ocrx_word' id='word_1_174' title='bbox 502 2444 609 2502; x_wconf 91' lang='lat' dir='ltr'>vestra</span> <span class='ocrx_word' id='word_1_175' title='bbox 642 2458 711 2501; x_wconf 91' lang='lat' dir='ltr'>rem</span> <span class='ocrx_word' id='word_1_176' title='bbox 743 2437 824 2501; x_wconf 91' lang='lat' dir='ltr'>mihi</span> <span class='ocrx_word' id='word_1_177' title='bbox 856 2437 1075 2521; x_wconf 85' lang='lat' dir='ltr'>gratissimam</span> <span class='ocrx_word' id='word_1_178' title='bbox 1107 2445 1140 2504; x_wconf 87' lang='lat' dir='ltr'>et</span> <span class='ocrx_word' id='word_1_179' title='bbox 1173 2439 1303 2504; x_wconf 90' lang='lat' dir='ltr'>ecclesie</span> <span class='ocrx_word' id='word_1_180' title='bbox 1327 2440 1390 2505; x_wconf 91' lang='lat' dir='ltr'>Dei</span> <span class='ocrx_word' id='word_1_181' title='bbox 1414 2441 1495 2506; x_wconf 91' lang='lat' dir='ltr'>bene</span> 
     </span>
     <span class='ocr_line' id='line_1_23' title="bbox 313 2525 1494 2609; baseline 0.002 -16"><span class='ocrx_word' id='word_1_182' title='bbox 313 2551 350 2594; x_wconf 83' lang='lat' dir='ltr'>ac</span> <span class='ocrx_word' id='word_1_183' title='bbox 383 2528 561 2594; x_wconf 86' lang='lat' dir='ltr'>salubriter</span> <span class='ocrx_word' id='word_1_184' title='bbox 594 2527 748 2591; x_wconf 90' lang='lat' dir='ltr'>consulet.</span> <span class='ocrx_word' id='word_1_185' title='bbox 782 2525 854 2609; x_wconf 80' lang='lat' dir='ltr'>Que</span> <span class='ocrx_word' id='word_1_186' title='bbox 886 2527 1026 2591; x_wconf 84' lang='lat' dir='ltr'>feliciter</span> <span class='ocrx_word' id='word_1_187' title='bbox 1058 2528 1174 2592; x_wconf 82' lang='lat' dir='ltr'>valeat.</span> <span class='ocrx_word' id='word_1_188' title='bbox 1208 2528 1334 2594; x_wconf 91' lang='lat' dir='ltr'>Datum</span> <span class='ocrx_word' id='word_1_189' title='bbox 1363 2531 1398 2594; x_wconf 93' lang='lat' dir='ltr'>in</span> <span class='ocrx_word' id='word_1_190' title='bbox 1421 2552 1494 2595; x_wconf 90' lang='lat' dir='ltr'>arce</span> 
     </span>
     <span class='ocr_line' id='line_1_24' title="bbox 312 2615 1495 2702; baseline 0.001 -18"><span class='ocrx_word' id='word_1_191' title='bbox 312 2625 424 2684; x_wconf 90' lang='lat' dir='ltr'>nostra</span> <span class='ocrx_word' id='word_1_192' title='bbox 448 2618 539 2698; x_wconf 86' lang='lat' dir='ltr'>regia</span> <span class='ocrx_word' id='word_1_193' title='bbox 562 2615 709 2680; x_wconf 91' lang='lat' dir='ltr'>Budensi</span> <span class='ocrx_word' id='word_1_194' title='bbox 733 2616 785 2680; x_wconf 92' lang='lat' dir='ltr'>die</span> <span class='ocrx_word' id='word_1_195' title='bbox 809 2616 934 2680; x_wconf 85' lang='lat' dir='ltr'>XIIII.</span> <span class='ocrx_word' id='word_1_196' title='bbox 960 2619 1079 2682; x_wconf 92' lang='lat' dir='ltr'>mensis</span> <span class='ocrx_word' id='word_1_197' title='bbox 1104 2616 1306 2702; x_wconf 79' lang='lat' dir='ltr'>Septembris</span> <span class='ocrx_word' id='word_1_198' title='bbox 1331 2642 1416 2684; x_wconf 92' lang='lat' dir='ltr'>anno</span> <span class='ocrx_word' id='word_1_199' title='bbox 1441 2622 1495 2686; x_wconf 94' lang='lat' dir='ltr'>do-</span> 
     </span>
     <span class='ocr_line' id='line_1_25' title="bbox 313 2705 1301 2790; baseline 0.002 -18"><span class='ocrx_word' id='word_1_200' title='bbox 313 2711 392 2773; x_wconf 89' lang='lat' dir='ltr'>mini</span> <span class='ocrx_word' id='word_1_201' title='bbox 416 2705 657 2786; x_wconf 82' lang='lat' dir='ltr'>MDXXVH,</span> <span class='ocrx_word' id='word_1_202' title='bbox 680 2727 856 2788; x_wconf 85' lang='lat' dir='ltr'>regnorum</span> <span class='ocrx_word' id='word_1_203' title='bbox 879 2727 953 2771; x_wconf 87' lang='lat' dir='ltr'>vero</span> <span class='ocrx_word' id='word_1_204' title='bbox 979 2714 1164 2772; x_wconf 89' lang='lat' dir='ltr'>nostrorum</span> <span class='ocrx_word' id='word_1_205' title='bbox 1188 2709 1301 2790; x_wconf 93' lang='lat' dir='ltr'>primo.</span> 
     </span>
     <span class='ocr_line' id='line_1_26' title="bbox 421 2795 1102 2884; baseline -0.004 -22"><span class='ocrx_word' id='word_1_206' title='bbox 421 2798 577 2862; x_wconf 84' lang='lat' dir='ltr'>Eiusdem</span> <span class='ocrx_word' id='word_1_207' title='bbox 601 2795 788 2861; x_wconf 86' lang='lat' dir='ltr'>sanctitatis</span> <span class='ocrx_word' id='word_1_208' title='bbox 813 2801 917 2861; x_wconf 84' lang='lat' dir='ltr'>vestre</span> <span class='ocrx_word' id='word_1_209' title='bbox 991 2873 993 2878; x_wconf 17' lang='grc' dir='ltr'>ι</span> <span class='ocrx_word' id='word_1_210' title='bbox 1100 2880 1102 2884; x_wconf 20' lang='lat'><strong><em>¹</em></strong></span> 
     </span>
     <span class='ocr_line' id='line_1_27' title="bbox 950 2887 1450 2972; baseline 0.012 -22"><span class='ocrx_word' id='word_1_211' title='bbox 950 2887 1081 2951; x_wconf 90' lang='lat' dir='ltr'>humilis</span> <span class='ocrx_word' id='word_1_212' title='bbox 1106 2893 1139 2951; x_wconf 89' lang='lat' dir='ltr'>et</span> <span class='ocrx_word' id='word_1_213' title='bbox 1162 2889 1341 2972; x_wconf 91' lang='lat' dir='ltr'>obsequens</span> <span class='ocrx_word' id='word_1_214' title='bbox 1364 2891 1450 2956; x_wconf 86' lang='lat' dir='ltr'>filius</span> 
     </span>
    </p>
   </div>
   <div class='ocr_carea' id='block_1_3' title="bbox 421 2977 1318 3132">
    <p class='ocr_par' dir='ltr' id='par_1_3' title="bbox 421 2977 1318 3132">
     <span class='ocr_line' id='line_1_28' title="bbox 1078 2977 1318 3046; baseline 0.013 -5"><span class='ocrx_word' id='word_1_215' title='bbox 1078 2977 1318 3046; x_wconf 84' lang='lat' dir='ltr'>Ferdinandus.</span> 
     </span>
     <span class='ocr_line' id='line_1_29' title="bbox 421 3065 638 3132; baseline -0.018 0"><span class='ocrx_word' id='word_1_216' title='bbox 421 3066 460 3132; x_wconf 90' lang='lat' dir='ltr'>V.</span> <span class='ocrx_word' id='word_1_217' title='bbox 485 3065 638 3130; x_wconf 87' lang='lat' dir='ltr'>Harrach</span> 
     </span>
    </p>
   </div>
   <div class='ocr_carea' id='block_1_4' title="bbox 420 3157 642 3222">
    <p class='ocr_par' dir='ltr' id='par_1_4' title="bbox 420 3157 642 3222">
     <span class='ocr_line' id='line_1_30' title="bbox 420 3157 642 3222; baseline -0.009 -2"><span class='ocrx_word' id='word_1_218' title='bbox 420 3157 642 3222; x_wconf 86' lang='lat' dir='ltr'>cancellarius.</span> 
     </span>
    </p>
   </div>
   <div class='ocr_carea' id='block_1_5' title="bbox 419 3315 1496 3388">
    <p class='ocr_par' dir='ltr' id='par_1_5' title="bbox 419 3315 1496 3388">
     <span class='ocr_line' id='line_1_31' title="bbox 419 3315 1496 3388; baseline 0.007 -20"><span class='ocrx_word' id='word_1_219' title='bbox 419 3315 572 3378; x_wconf 76' lang='lat' dir='ltr'>(ltredetije</span> <span class='ocrx_word' id='word_1_220' title='bbox 592 3332 608 3366; x_wconf 88' lang='lat' dir='ltr'>a</span> <span class='ocrx_word' id='word_1_221' title='bbox 626 3315 753 3367; x_wconf 74' lang='lat' dir='ltr'>va‘tikani</span> <span class='ocrx_word' id='word_1_222' title='bbox 774 3316 955 3369; x_wconf 78' lang='lat' dir='ltr'>levcltarban.</span> <span class='ocrx_word' id='word_1_223' title='bbox 988 3317 1113 3371; x_wconf 84' lang='lat' dir='ltr'>Litterae</span> <span class='ocrx_word' id='word_1_224' title='bbox 1133 3319 1302 3388; x_wconf 84' lang='lat' dir='ltr'>Principum.</span> <span class='ocrx_word' id='word_1_225' title='bbox 1333 3328 1396 3375; x_wconf 86' lang='lat' dir='ltr'>IIII.</span> <span class='ocrx_word' id='word_1_226' title='bbox 1425 3325 1496 3387; x_wconf 74' lang='lat'><strong>212.)</strong></span> 
     </span>
    </p>
   </div>
   <div class='ocr_carea' id='block_1_6' title="bbox 743 3574 1165 3802">
    <p class='ocr_par' dir='ltr' id='par_1_6' title="bbox 743 3574 1165 3802">
     <span class='ocr_line' id='line_1_32' title="bbox 833 3574 981 3642; baseline 0 -2"><span class='ocrx_word' id='word_1_227' title='bbox 833 3574 981 3642; x_wconf 86' lang='lat' dir='ltr'>LXXV.</span> 
     </span>
     <span class='ocr_line' id='line_1_33' title="bbox 743 3737 1165 3802; baseline 0.012 -6"><span class='ocrx_word' id='word_1_228' title='bbox 743 3739 835 3799; x_wconf 85' lang='lat'>1533.</span> <span class='ocrx_word' id='word_1_229' title='bbox 861 3737 997 3801; x_wconf 76' lang='lat' dir='ltr'>oktdber</span> <span class='ocrx_word' id='word_1_230' title='bbox 1024 3742 1075 3802; x_wconf 75' lang='lat'>29.</span> <span class='ocrx_word' id='word_1_231' title='bbox 1164 3795 1165 3801; x_wconf 74' lang='grc'>,</span> 
     </span>
    </p>
   </div>
   <div class='ocr_carea' id='block_1_7' title="bbox 313 3893 1496 4146">
    <p class='ocr_par' dir='ltr' id='par_1_7' title="bbox 313 3893 1496 4146">
     <span class='ocr_line' id='line_1_34' title="bbox 314 3893 1496 3986; baseline 0.013 -30"><span class='ocrx_word' id='word_1_232' title='bbox 314 3894 342 3957; x_wconf 84' lang='grc' dir='ltr'>Ι.</span> <span class='ocrx_word' id='word_1_233' title='bbox 360 3893 561 3958; x_wconf 76' lang='lat' dir='ltr'>Fordirutnd</span> <span class='ocrx_word' id='word_1_234' title='bbox 579 3894 723 3961; x_wconf 79' lang='lat' dir='ltr'>Tbotuui</span> <span class='ocrx_word' id='word_1_235' title='bbox 740 3897 835 3961; x_wconf 80' lang='lat' dir='ltr'>Mrttc&#39;</span> <span class='ocrx_word' id='word_1_236' title='bbox 843 3900 1091 3979; x_wconf 26' lang='lat' dir='ltr'>puruuoubulmi</span> <span class='ocrx_word' id='word_1_237' title='bbox 1107 3893 1219 3983; x_wconf 80' lang='lat' dir='ltr'>updtot</span> <span class='ocrx_word' id='word_1_238' title='bbox 1233 3902 1496 3986; x_wconf 74' lang='lat' dir='ltr'>fclbotulmueeu,</span> 
     </span>
     <span class='ocr_line' id='line_1_35' title="bbox 313 3983 1496 4079; baseline 0.012 -34"><span class='ocrx_word' id='word_1_239' title='bbox 313 3983 395 4064; x_wconf 72' lang='lat' dir='ltr'>impp</span> <span class='ocrx_word' id='word_1_240' title='bbox 429 3983 556 4064; x_wconf 76' lang='lat' dir='ltr'>utodp&#39;ctt</span> <span class='ocrx_word' id='word_1_241' title='bbox 587 4006 683 4070; x_wconf 76' lang='lat' dir='ltr'>raupa</span> <span class='ocrx_word' id='word_1_242' title='bbox 716 3989 918 4054; x_wconf 72' lang='lat' dir='ltr'>ssemelbesse</span> <span class='ocrx_word' id='word_1_243' title='bbox 943 3990 978 4054; x_wconf 75' lang='lat' dir='ltr'>lo·</span> <span class='ocrx_word' id='word_1_244' title='bbox 1001 3994 1034 4055; x_wconf 83' lang='lat' dir='ltr'>e&#39;s</span> <span class='ocrx_word' id='word_1_245' title='bbox 1056 3992 1136 4056; x_wconf 78' lang='lat' dir='ltr'>neti</span> <span class='ocrx_word' id='word_1_246' title='bbox 1169 3998 1369 4075; x_wconf 72' lang='lat' dir='ltr'>proper-ositos</span> <span class='ocrx_word' id='word_1_247' title='bbox 1397 3999 1496 4079; x_wconf 64' lang='lat' dir='ltr'>urpctt</span> 
     </span>
     <span class='ocr_line' id='line_1_36' title="bbox 782 4077 1030 4146; baseline 0.008 -4"><span class='ocrx_word' id='word_1_248' title='bbox 782 4077 1030 4146; x_wconf 78' lang='lat' dir='ltr'>bemcrtutbussu.</span> 
     </span>
    </p>
   </div>
   <div class='ocr_carea' id='block_1_8' title="bbox 313 4235 1496 4691">
    <p class='ocr_par' dir='ltr' id='par_1_8' title="bbox 313 4235 1496 4691">
     <span class='ocr_line' id='line_1_37' title="bbox 324 4235 1496 4328; baseline 0.014 -32"><span class='ocrx_word' id='word_1_249' title='bbox 324 4274 328 4282; x_wconf 92' lang='lat'>-</span> <span class='ocrx_word' id='word_1_250' title='bbox 422 4235 653 4303; x_wconf 82' lang='lat' dir='ltr'>Ferdinandus</span> <span class='ocrx_word' id='word_1_251' title='bbox 676 4239 788 4304; x_wconf 88' lang='lat' dir='ltr'>divina</span> <span class='ocrx_word' id='word_1_252' title='bbox 812 4241 1133 4310; x_wconf 85' lang='lat' dir='ltr'>faventeolemencia</span> <span class='ocrx_word' id='word_1_253' title='bbox 1148 4246 1380 4328; x_wconf 88' lang='lat' dir='ltr'>Romanorum,</span> <span class='ocrx_word' id='word_1_254' title='bbox 1400 4248 1496 4312; x_wconf 90' lang='lat' dir='ltr'>Hun-</span> 
     </span>
     <span class='ocr_line' id='line_1_38' title="bbox 315 4323 1496 4420; baseline 0.014 -34"><span class='ocrx_word' id='word_1_255' title='bbox 315 4323 403 4405; x_wconf 86' lang='lat' dir='ltr'>garie</span> <span class='ocrx_word' id='word_1_256' title='bbox 429 4330 462 4388; x_wconf 93' lang='lat' dir='ltr'>et</span> <span class='ocrx_word' id='word_1_257' title='bbox 487 4325 651 4418; x_wconf 81' lang='lat' dir='ltr'>Bchemie,</span> <span class='ocrx_word' id='word_1_258' title='bbox 675 4335 734 4394; x_wconf 89' lang='lat' dir='ltr'>etc.</span> <span class='ocrx_word' id='word_1_259' title='bbox 760 4353 817 4396; x_wconf 91' lang='lat' dir='ltr'>rex</span> <span class='ocrx_word' id='word_1_260' title='bbox 841 4354 965 4416; x_wconf 89' lang='lat' dir='ltr'>semper</span> <span class='ocrx_word' id='word_1_261' title='bbox 994 4342 1162 4418; x_wconf 87' lang='lat' dir='ltr'>augustus,</span> <span class='ocrx_word' id='word_1_262' title='bbox 1186 4337 1294 4401; x_wconf 86' lang='lat' dir='ltr'>infans</span> <span class='ocrx_word' id='word_1_263' title='bbox 1318 4337 1496 4420; x_wconf 88' lang='lat' dir='ltr'>Hispania·</span> 
     </span>
     <span class='ocr_line' id='line_1_39' title="bbox 313 4415 1495 4507; baseline 0.014 -31"><span class='ocrx_word' id='word_1_264' title='bbox 313 4436 395 4494; x_wconf 82' lang='lat' dir='ltr'>rum,</span> <span class='ocrx_word' id='word_1_265' title='bbox 419 4415 578 4479; x_wconf 85' lang='lat' dir='ltr'>archidux</span> <span class='ocrx_word' id='word_1_266' title='bbox 602 4417 750 4501; x_wconf 79' lang='lat' dir='ltr'>Austris,</span> <span class='ocrx_word' id='word_1_267' title='bbox 775 4421 842 4485; x_wconf 91' lang='lat' dir='ltr'>dux</span> <span class='ocrx_word' id='word_1_268' title='bbox 866 4423 1152 4507; x_wconf 75' lang='lat' dir='ltr'>Burgundie,&#39;etc.</span> <span class='ocrx_word' id='word_1_269' title='bbox 1177 4427 1366 4490; x_wconf 86' lang='lat' dir='ltr'>Reverendo</span> <span class='ocrx_word' id='word_1_270' title='bbox 1391 4428 1495 4493; x_wconf 89' lang='lat' dir='ltr'>fidelis</span> 
     </span>
     <span class='ocr_line' id='line_1_40' title="bbox 314 4505 1496 4598; baseline 0.013 -30"><span class='ocrx_word' id='word_1_271' title='bbox 314 4505 406 4569; x_wconf 90' lang='lat' dir='ltr'>nobis</span> <span class='ocrx_word' id='word_1_272' title='bbox 439 4505 564 4570; x_wconf 87' lang='lat' dir='ltr'>dilecte.</span> <span class='ocrx_word' id='word_1_273' title='bbox 597 4506 878 4592; x_wconf 82' lang='lat' dir='ltr'>Supplicacionem</span> <span class='ocrx_word' id='word_1_274' title='bbox 912 4521 1001 4578; x_wconf 88' lang='lat' dir='ltr'>tuam</span> <span class='ocrx_word' id='word_1_275' title='bbox 1028 4537 1109 4598; x_wconf 88' lang='lat' dir='ltr'>equo</span> <span class='ocrx_word' id='word_1_276' title='bbox 1134 4516 1241 4578; x_wconf 89' lang='lat' dir='ltr'>animo</span> <span class='ocrx_word' id='word_1_277' title='bbox 1265 4522 1298 4580; x_wconf 93' lang='lat' dir='ltr'>et</span> <span class='ocrx_word' id='word_1_278' title='bbox 1321 4518 1496 4582; x_wconf 88' lang='lat' dir='ltr'>clementer</span> 
     </span>
     <span class='ocr_line' id='line_1_41' title="bbox 314 4595 1494 4691; baseline 0.01 -31"><span class='ocrx_word' id='word_1_279' title='bbox 314 4595 528 4677; x_wconf 85' lang='lat' dir='ltr'>admittimus,</span> <span class='ocrx_word' id='word_1_280' title='bbox 544 4603 584 4660; x_wconf 92' lang='lat' dir='ltr'>ut</span> <span class='ocrx_word' id='word_1_281' title='bbox 608 4599 703 4664; x_wconf 82' lang='lat' dir='ltr'>iuxta</span> <span class='ocrx_word' id='word_1_282' title='bbox 725 4602 857 4666; x_wconf 87' lang='lat' dir='ltr'>ecclesie</span> <span class='ocrx_word' id='word_1_283' title='bbox 881 4610 914 4667; x_wconf 91' lang='lat' dir='ltr'>et</span> <span class='ocrx_word' id='word_1_284' title='bbox 938 4605 1061 4669; x_wconf 87' lang='lat' dir='ltr'>ordinis</span> <span class='ocrx_word' id='word_1_285' title='bbox 1086 4607 1136 4670; x_wconf 91' lang='lat' dir='ltr'>tui</span> <span class='ocrx_word' id='word_1_286' title='bbox 1159 4605 1329 4691; x_wconf 84' lang='lat' dir='ltr'>privilegia</span> <span class='ocrx_word' id='word_1_287' title='bbox 1353 4609 1394 4672; x_wconf 90' lang='lat' dir='ltr'>ab</span> <span class='ocrx_word' id='word_1_288' title='bbox 1421 4609 1494 4674; x_wconf 91' lang='lat' dir='ltr'>sede</span> 
     </span>
    </p>
   </div>
   <div class='ocr_carea' id='block_1_9' title="bbox 0 0 1735 5492">
    <p class='ocr_par' dir='ltr' id='par_1_9' title="bbox 0 0 1735 5492">
     <span class='ocr_line' id='line_1_42' title="bbox 0 0 1735 5492; baseline 0 0"><span class='ocrx_word' id='word_1_289' title='bbox 0 0 1735 5492; x_wconf 95' lang='lat' dir='ltr'> </span> 
     </span>
    </p>
   </div>
  </div>
 </body>
</html>
