3454 5492
291 415 331 476 66
779 423 973 478 oxasvrturln.

290 608 441 691 feceritis,
465 611 551 675 omni
574 610 720 694 profecto
745 610 854 688 favore
878 618 911 676 et
936 611 1047 694 gracia
1071 618 1184 676 nostra
1207 611 1298 695 regia
1321 633 1376 676 vos
1399 633 1472 694 pro·

289 722 469 782 sequemur,
503 701 638 767 rebelles
671 709 790 782 autem,
824 702 851 765 si
885 701 941 784 qui
974 702 1107 782 luerint,
1141 725 1221 785 quos
1253 724 1293 766 ex
1325 708 1473 786 pretecto

289 791 418 856 domino
458 789 596 856 Andrea
634 793 781 875 episcopo
821 791 1085 873 Thermopilense
1124 793 1205 856 bene
1245 793 1472 874 intelligemus,

289 881 402 946 taliter
434 881 606 962 puniemus
640 888 673 945 et
696 904 761 947 non
784 882 853 946 sine
876 883 1016 945 maximo
1040 883 1185 965 ipsorum
1209 883 1406 947 detrimento
1429 882 1472 945 ad

289 977 436 1034 sanctam
460 973 652 1036 reducemus
675 971 906 1050 obedienciam,
939 976 979 1034 ut
1010 977 1043 1048 et
1075 973 1148 1036 aliis
1181 993 1249 1036 esse
1281 973 1406 1056 possint
1439 973 1473 1034 iu

289 1061 479 1154 exemplum.
504 1059 604 1126 Secus
628 1062 740 1144 igitur,
764 1063 796 1124 in
818 1065 979 1143 quantum
1004 1083 1135 1144 gravem
1159 1061 1340 1128 maiestatis
1363 1069 1473 1126 nostre

288 1150 549 1233 indignacionem
573 1152 696 1216 evitare
713 1152 842 1234 cupitis
866 1151 972 1214 facere
996 1152 1086 1216 nullo
1103 1153 1196 1216 modo
1213 1153 1472 1235 presumpmatiS,

289 1241 495 1324 presentibus
511 1241 662 1325 perlectis
679 1241 848 1306 exhibenti
869 1240 1040 1305 restitutis
1065 1242 1190 1307 Datum
1207 1243 1311 1323 Bude,
1335 1243 1472 1307 sabbato

289 1331 436 1414 proximo
462 1340 539 1396 ante
565 1331 758 1396 dominicam
784 1329 886 1413 Quasi
910 1331 1013 1410 modo,
1048 1354 1132 1396 anno
1157 1333 1279 1396 domini
1303 1333 1472 1396 millesimo

290 1423 550 1504 quingentesimo
574 1423 686 1505 primo.
724 1460 726 1464 ·

398 1569 508 1640 (dtirva
528 1597 544 1632 a
563 1579 669 1632 csornai
688 1580 812 1632 konvent
827 1585 903 1632 1507.
916 1579 1018 1642 januar
1038 1576 1124 1630 rs-iki
1143 1577 1330 1630 okleveltben.
1350 1580 1471 1630 Aszent·

289 1651 409 1705 martoni
429 1651 586 1720 idapttsagi
604 1651 787 1704 leveltarban.
808 1659 849 1702 29.
871 1667 960 1717 capsa,
977 1651 1024 1712 Ἀ.)

865 1925 901 1988 L.

746 2089 839 2148 raor.
865 2086 948 2168 april
975 2091 1025 2149 aa

290 2251 320 2314 Α
346 2249 630 2314 Pannonbulmctu
657 2250 780 2314 alescat
803 2251 967 2315 ultuldncs
990 2249 1089 2314 recedi
1110 2249 1223 2332 pyrtlc's
1246 2250 1365 2313 [staca
1384 2248 1471 2313 aulu-

291 2339 365 2402 uctri
381 2342 492 2419 dprdtot
508 2342 540 2402 e's
557 2339 654 2404 Peter
670 2340 1090 2405 creat-Dunoatos-reuuc
1113 2343 1281 2404 saeraetest
1303 2339 1471 2422 megbicru,

405 2429 488 2511 bopy
512 2451 552 2493 ue
575 2437 678 2492 osseca
701 2429 833 2494 bonores
856 2431 1070 2512 upotsupotur
1093 2429 1262 2510 cisitciljctlc
1287 2451 1363 2512 meg.

384 2590 452 2655 Nos
462 2591 605 2655 universi
616 2590 751 2656 abbates
762 2591 796 2655 iu
807 2591 950 2673 capitulo
962 2591 1105 2674 generali
1114 2591 1149 2654 in
1159 2591 1354 2656 monasterio
1367 2589 1472 2654 sancti

290 2681 432 2744 Martini
455 2681 540 2744 sacri
557 2681 676 2744 montis
692 2681 862 2746 Pannonio
877 2681 1041 2746 celebrato
1059 2682 1243 2760 existentes
1263 2681 1356 2744 iuxta
1375 2679 1472 2744 huius

291 2771 466 2834 ordinis...
488 2770 765 2850 consuetudinem,
785 2771 827 2834 ad
843 2771 1042 2835 visitandum
1059 2793 1168 2835 omnes
1191 2771 1345 2836 abbacias
1368 2771 1472 2835 tocius

290 2861 381 2942 regni
406 2867 510 2925 certos
534 2861 679 2926 dominos
703 2862 840 2926 abbates
864 2862 904 2925 de
927 2861 1033 2925 medio
1053 2861 1158 2926 nostri
1175 2861 1360 2944 delegimus
1385 2860 1472 2924 inter

291 2972 370 3032 quos
394 2952 451 3016 hos
474 2951 683 3029 venerabiles,
708 2950 876 3015 dominum
895 2950 1099 3034 Stephanum
1115 2951 1269 3015 abbatem
1285 2949 1472 3015 monasterii

289 3041 394 3105 sancti
419 3039 561 3106 Adriani
585 3042 732 3107 martiris
756 3041 796 3104 de
820 3041 971 3106 Zalavvar
995 3047 1028 3106 et
1053 3042 1188 3106 fratrem
1211 3041 1350 3104 Petrum
1364 3040 1472 3123 predi-

289 3137 432 3196 catorem
456 3131 576 3195 advos
601 3137 633 3195 et
657 3133 689 3194 in
716 3131 859 3194 medium
892 3131 992 3196 vestri
1025 3131 1203 3195 visitandos
1235 3130 1472 3214 deputavimus

290 3221 405 3284 dantes
429 3222 474 3284 eis
498 3221 627 3303 plenam
650 3220 842 3284 facultatem
867 3227 899 3284 et
924 3221 1165 3300 auctoritatem,
1191 3227 1263 3284 tum
1285 3220 1394 3304 vigore
1417 3221 1472 3284 lit-

290 3318 436 3376 terarum
468 3311 665 3376 serenissimi
690 3311 812 3376 domini
837 3313 939 3376 nostri
963 3311 1050 3394 regis
1074 3317 1107 3376 et
1131 3311 1391 3376 reverendissimi
1416 3310 1471 3374 do·

289 3401 370 3464 mini
402 3400 495 3463 Petri
527 3401 648 3482 Regini
681 3400 857 3466 cardinalis
890 3407 922 3464 et
955 3401 1056 3484 legati
1089 3402 1128 3465 de
1160 3401 1271 3481 latere,
1302 3407 1374 3464 tum
1396 3421 1471 3465 vero

289 3490 412 3554 ordinis
436 3496 469 3554 et
492 3490 638 3572 capituli,
672 3497 709 3554 ut
737 3512 847 3554 omnes
872 3496 904 3554 et
928 3491 1072 3574 singulos
1106 3491 1242 3556 abbates
1274 3490 1407 3555 visitent
1440 3495 1473 3554 et
1551 3547 1553 3552 .

290 3580 476 3648 examinent
509 3580 549 3642 de
581 3601 693 3644 eorum
724 3580 801 3660 vita,
826 3580 970 3644 moribus
994 3587 1027 3644 et
1055 3580 1298 3645 conversacione
1322 3631 1329 3646 .
1353 3629 1360 3644 .
1384 3629 1392 3644 .
1416 3602 1472 3645 seu

289 3670 523 3734 reformacione
556 3670 714 3734 bonorum
746 3670 885 3736 ecclesie.
917 3668 1132 3736 Contumaces
1163 3677 1274 3734 autem
1306 3676 1339 3735 et
1368 3671 1472 3735 rebel-

288 3759 333 3824 les
358 3766 391 3824 et
414 3761 498 3823 male
521 3760 587 3825 vite
606 3761 755 3842 puniant,
779 3761 949 3844 castigent,
975 3766 1043 3825 tam
1059 3761 1250 3843 temporali,
1264 3783 1361 3844 quam
1378 3761 1472 3844 spiri-

289 3849 372 3914 tuali
388 3869 472 3932 pena
485 3856 517 3913 et
528 3851 730 3932 potissimum
746 3851 979 3934 proprietarios
996 3851 1275 3915 excommunicent
1290 3858 1324 3916 et
1340 3872 1472 3933 suspen-

289 3940 370 4003 dant
393 3941 434 4004 ab
459 3940 547 4002 omni
571 3938 676 4004 officio
701 3941 837 4022 tamdiu,
865 3941 966 4006 donec
990 3941 1032 4004 ad
1056 3961 1129 4004 vere
1149 3941 1215 4006 vite
1248 3947 1281 4006 et
1312 3941 1472 4021 regularis

289 4029 497 4094 observancie
512 4030 655 4112 vigorem
671 4051 706 4094 se
724 4036 858 4113 paratos
874 4031 943 4095 fore
956 4035 989 4094 et
1007 4051 1074 4096 esse
1091 4030 1317 4110 didicerimus;
1343 4031 1471 4094 racione

289 4125 399 4184 autem
442 4121 652 4200 contumacia,
692 4141 731 4184 ex
769 4142 832 4202 quo
875 4121 1055 4203 capitulum
1093 4121 1219 4186 intrare
1260 4120 1471 4202 neglexerint,

289 4209 632 4275 excommunicacionis
664 4231 748 4293 pena
780 4212 874 4276 iuxta
898 4211 1070 4277 Benedicti
1094 4211 1276 4276 duodecimi
1300 4217 1333 4274 et
1356 4208 1471 4274 Onorii

289 4298 382 4362 tercii
407 4298 441 4362 in
465 4299 585 4381 dupplo
610 4321 832 4383 expensarum,
857 4323 938 4378 uuas
962 4301 995 4366 in
1013 4301 1169 4366 veniendo
1193 4300 1235 4364 ad
1258 4301 1361 4383 ipsam
1378 4321 1472 4381 syno-

289 4388 367 4452 dum
401 4395 434 4452 et
467 4388 589 4452 ibidem
622 4391 813 4455 inmorando
846 4397 879 4454 et
911 4392 1076 4456 redeundo
1100 4391 1259 4470 fecissent,
1288 4396 1321 4454 et
1345 4411 1471 4454 exnunc

290 4479 513 4543 visitator...
533 4480 593 4544 sub
627 4480 972 4545 excommunicacionis
1010 4501 1093 4564 pena
1131 4480 1197 4548 late
1236 4479 1469 4544 sentencie...

289 4575 465 4634 teneantur
491 4567 607 4633 harum
632 4571 740 4646 vigore
765 4578 797 4634 et
822 4571 1007 4635 testimonio
1030 4571 1219 4634 litterarum
1235 4570 1471 4635 mediante...
