3458 5492
423 485 442 525 1
466 484 587 524 11111111
611 483 669 522 run.
694 483 824 523 1111111111
848 483 901 522 roo
925 471 1151 524 vbnrnvsrnnsz.
1317 465 1379 544 133

200 657 431 740 professionem
465 657 627 736 emittant,
661 679 700 720 cx
724 678 835 720 earum
868 657 1069 738 praescripto
1093 657 1126 719 in
1151 657 1302 721 manibus
1326 657 1383 720 ali-

200 749 293 831 cujus
325 768 480 829 personae
512 748 546 810 in
580 747 743 830 dignitate
777 747 994 812 ecclesiastica
1028 747 1235 827 constitutae,
1274 769 1383 812 coram

200 837 327 902 notario
341 844 374 901 et
392 837 539 914 testibus
561 837 793 919 publicumque
818 837 1073 902 instrumentum
1093 837 1156 900 huc
1177 837 1384 918 mittendum,

199 929 297 993 sicuti
314 927 414 1008 decet,
431 926 507 990 inde
527 926 641 990 confici
659 928 769 1009 possit.
794 927 834 990 ln
849 927 909 990 hoc
926 928 1025 993 etiam
1042 927 1194 1010 majestas
1211 933 1319 990 vestra
1335 928 1382 990 di-

200 1040 298 1101 gnam
321 1038 354 1082 se
378 1023 410 1082 ot
434 1018 648 1082 neeessariam
672 1037 740 1080 rem
765 1017 873 1098 faciat,
897 1017 925 1081 si
941 1038 1015 1081 eum
1031 1017 1158 1100 aliquos
1175 1017 1216 1080 ad
1234 1017 1383 1082 eeclesias

199 1107 415 1173 nominaverit
439 1112 472 1171 et
494 1107 760 1189 praesentaverit,
794 1129 846 1172 eos
875 1107 1042 1172 admoneri
1075 1107 1213 1190 jubebit,
1247 1114 1283 1171 ut
1307 1107 1383 1172 fidei

198 1198 410 1280 professiones
443 1203 556 1262 exacte
589 1197 631 1262 ad
663 1197 899 1280 praescriptam
938 1197 1112 1262 formulam
1152 1199 1286 1260 emissae
1318 1197 1382 1260 hue

199 1289 346 1372 integrae
379 1294 412 1354 et
444 1289 662 1371 incorruptae,
696 1288 790 1352 utin
817 1293 885 1352 tam
909 1289 1000 1370 gravi
1025 1309 1059 1351 re
1083 1285 1154 1351 fieri
1178 1285 1283 1367 debet,
1308 1287 1382 1352 mit-

200 1384 323 1444 tantur.

306 1468 376 1533 Nec
409 1467 500 1532 aliud
529 1467 610 1530 mihi
634 1489 720 1532 nunc
745 1467 877 1550 quidem
901 1467 935 1530 in
958 1467 1017 1530 hoc
1042 1466 1082 1530 de
1106 1466 1262 1548 episcopis
1285 1487 1382 1548 argu-

199 1566 308 1624 mento
331 1557 505 1622 dicendum
529 1562 641 1637 restat,
665 1562 795 1640 praeter
819 1579 929 1638 unum,
954 1556 1040 1640 quod
1057 1563 1144 1620 certe
1165 1555 1295 1639 quando
1314 1562 1382 1623 tam

199 1649 293 1731 longe
316 1648 487 1714 scribendo
511 1667 699 1730 progressus
723 1669 802 1727 sum,
833 1669 892 1730 pro
916 1647 964 1711 rei
987 1647 1149 1728 gravitate
1174 1652 1207 1710 et
1229 1667 1288 1729 pro
1312 1645 1383 1728 mea

200 1761 277 1822 erga
301 1739 506 1820 majestatem
530 1743 671 1802 vestram
695 1737 911 1818 observantia,
935 1737 1031 1814 nullo,
1056 1736 1149 1800 modo
1172 1743 1383 1818 praetereun-

199 1829 277 1894 dum
301 1828 454 1908 arbitror,
477 1829 629 1892 futurum
653 1829 738 1892 enim
762 1827 855 1892 valde
879 1848 980 1909 spero,
1010 1833 1047 1891 ut
1071 1828 1141 1909 ipsa
1164 1828 1255 1909 pium
1279 1826 1382 1892 zelum

200 1919 318 2002 ipsum,
343 1940 406 2001 quo
430 1919 569 1982 maxime
593 1917 751 1997 abundat,
764 1919 807 1982 ad
824 1939 894 1983 eam
910 1939 988 1998 rem,
1012 1938 1110 1998 quam
1134 1917 1283 1981 dicturus
1302 1939 1382 1996 sum,

199 2015 232 2072 et
264 2011 317 2092 pie
349 2015 383 2072 ot
416 2007 608 2074 salutariter
640 2013 817 2072 convertat.
842 2007 1076 2075 Vetustissima
1102 2013 1150 2070 est
1182 2008 1215 2070 in
1237 2001 1383 2070 ¹ecclesia

200 2099 263 2164 Dei
287 2098 496 2177 consuetudo,
525 2118 692 2162 sacrorum
716 2119 876 2163 canonum
899 2099 1098 2162 auctoritate
1121 2097 1320 2176 introducta,
1345 2102 1382 2159 ut

199 2188 345 2272 undique
369 2210 408 2253 ex
431 2187 520 2252 omni
543 2195 708 2252 terrarum
741 2188 819 2254 orbe
851 2189 990 2271 episcopi
1015 2193 1048 2250 et
1072 2188 1210 2269 majores
1235 2187 1383 2251 ecclesia-

197 2301 271 2344 rum
304 2279 469 2364 praesules
493 2279 564 2360 ipsi,
597 2298 655 2361 per
687 2300 720 2343 se
752 2279 794 2344 ad
827 2279 942 2344 urbem
974 2277 1152 2360 aliquando
1175 2276 1383 2359 praestitutis

199 2369 400 2452 temporibus
433 2369 574 2448 veniant,
604 2369 692 2452 quod
716 2375 749 2432 et
774 2369 913 2452 episcopi
939 2369 1009 2451 ipsi,
1034 2369 1219 2449 caeterique
1245 2368 1382 2449 majores

199 2460 374 2542 antistites,
399 2461 433 2524 in
457 2459 527 2540 ipsa
551 2480 628 2523 suae
652 2459 903 2524 consecrationis
936 2459 1140 2542 susceptione
1172 2479 1205 2521 se
1237 2457 1383 2520 facturos

198 2549 411 2633 jurejurando
437 2549 642 2631 pollicentur,
660 2555 693 2613 et
716 2548 828 2614 multis
853 2554 941 2612 certe
965 2556 998 2612 et
1022 2547 1220 2630 gravissimis
1244 2547 1283 2610 de
1307 2567 1382 2610 cau-

197 2640 240 2704 sis
264 2640 455 2704 institutum
480 2646 538 2720 est,
572 2645 609 2703 ut
633 2639 758 2703 scilicet
781 2659 905 2703 summo
931 2639 1079 2702 Romano
1105 2637 1261 2719 pontifici,
1294 2636 1383 2701 beati

197 2730 290 2794 Petri
323 2730 506 2809 successori,
546 2728 629 2794 Jesu
666 2727 791 2794 Christi
823 2729 857 2792 in
891 2728 989 2793 terris
1021 2728 1150 2808 vicario,
1192 2727 1382 2790 universalis

197 2820 349 2884 eeclesiae
383 2820 508 2902 pastori
542 2826 574 2884 et
605 2821 750 2884 omnium
785 2819 1007 2902 episcoporum
1042 2819 1197 2900 episcopo,
1237 2816 1382 2880 debitam

196 2910 416 2975 obedientiam
441 2931 549 2974 coram
573 2915 750 2992 praestent,
784 2915 942 2992 tanquam
970 2909 1127 2990 primaria
1155 2907 1301 2971 membra
1324 2927 1381 2969 suo

197 3001 364 3082 totiusque
399 3000 551 3064 ecclesiae
583 2999 702 3064 visibili
742 2999 851 3081 capiti,
890 3004 1102 3080 sanctamque
1140 2997 1225 3061 hane
1264 2995 1382 3076 sedem,

198 3092 342 3155 omnium
367 3090 576 3154 ecclesiarum
600 3095 739 3153 matrem
762 3095 796 3152 et
818 3089 1010 3171 magistram
1033 3093 1221 3172 agnoscant,
1249 3085 1382 3150 visitent

197 3182 296 3245 etiam
320 3180 493 3244 beatorum
516 3181 735 3261 apostolorum
767 3179 890 3258 limina,
922 3185 1022 3260 atquc
1045 3176 1087 3242 ad
1112 3176 1249 3240 eundem
1276 3177 1381 3258 ipsum

196 3292 358 3334 summum
384 3269 581 3352 pontificem,
606 3270 646 3334 de
662 3275 732 3334 toto
749 3269 957 3356 ecclesiarum
974 3289 1106 3332 suarum
1123 3273 1213 3332 statu
1230 3271 1383 3330 accurate

196 3359 350 3439 referant,
375 3359 539 3439 nimirum,
573 3367 610 3423 ut
634 3381 702 3442 ope,
726 3360 866 3440 consilio,
891 3358 1006 3442 gratiis
1030 3357 1257 3440 spiritualibus
1281 3356 1382 3419 omni-

198 3472 260 3532 que
285 3450 475 3532 adjumento
499 3450 712 3514 subleventur
736 3456 768 3513 et
791 3451 1010 3530 instruantur,
1034 3448 1076 3512 ad
1102 3469 1214 3512 eorum
1234 3446 1382 3510 ecclesias

196 3540 384 3604 fructiosius
408 3540 576 3622 regendas,
609 3541 800 3621 animasque
833 3539 909 3604 fidei
942 3541 1086 3620 ipsorum
1110 3537 1251 3602 ereditas
1275 3541 1382 3618 pasto-

196 3631 258 3693 rali
283 3650 362 3694 cura
386 3630 549 3694 salubrius
584 3629 822 3712 gubernandas.
856 3629 925 3693 Nec
959 3650 1032 3692 vero
1067 3629 1206 3710 episcopi
1240 3631 1380 3704 tantum,

197 3741 276 3802 quos
293 3720 431 3783 maxime
447 3720 481 3783 id
499 3719 600 3798 decet,
612 3720 749 3784 Romam
766 3721 910 3799 veniunt,
921 3719 1004 3782 aliae
1018 3739 1147 3800 quoque
1165 3737 1263 3800 quam
1278 3716 1381 3798 pluri-

196 3831 267 3874 mae
300 3809 451 3874 ecclesiae
483 3830 647 3891 personae,
681 3809 736 3872 sed
771 3809 866 3872 multi
900 3816 932 3872 et
965 3809 1127 3890 principes
1152 3815 1184 3871 et
1209 3805 1381 3870 nobilitate

195 3901 336 3982 insignes
361 3901 431 3979 viri,
456 3920 492 3963 ac
516 3921 598 3981 pene
621 3899 870 3964 innumerabilis
903 3898 1046 3962 fidelium
1080 3897 1276 3961 secularium
1300 3897 1382 3958 mul·

196 3990 305 4054 titudo
329 3991 393 4053 huc
417 3989 563 4071 quotidie
587 3989 731 4070 confluit,
757 4011 836 4071 quos
856 3989 1006 4070 religiosa
1023 3988 1151 4050 devotio
1168 3993 1200 4050 et
1217 4008 1382 4050 sacrorum

196 4080 339 4144 locorum
363 4079 571 4143 visendorum
594 4081 749 4159 studium,
773 4081 909 4162 ipsaque
933 4079 1036 4142 almae
1061 4077 1152 4140 urbis
1177 4077 1329 4158 majestas
1349 4083 1382 4139 et

196 4171 375 4234 auctoritas
400 4169 513 4233 trahit.
543 4169 635 4250 Quae
659 4192 732 4233 cum
756 4170 805 4233 ita
828 4170 903 4248 sint,
927 4167 1073 4250 profecto
1097 4168 1250 4249 majestas
1275 4172 1381 4229 vestra

195 4283 254 4342 pro
278 4282 336 4324 sua
360 4259 518 4340 singulari
542 4259 718 4341 prudentia
743 4259 909 4340 intelligit,
934 4280 998 4321 non
1031 4257 1135 4320 solum
1168 4257 1282 4319 decens
1315 4277 1381 4319 esse

196 4357 229 4413 et
252 4351 375 4415 rationi
398 4355 659 4430 consentaneum,
683 4349 717 4412 id
743 4369 872 4431 quoque
903 4348 944 4412 ab
978 4347 1134 4430 episeopis
1159 4346 1252 4428 regni
1285 4345 1382 4409 Hun-

197 4441 308 4522 gariae
340 4440 513 4519 observari,
547 4439 603 4503 sed
635 4440 794 4522 imprimis
828 4438 909 4501 utile
942 4444 974 4501 et
1003 4437 1146 4500 salutare
1170 4437 1203 4500 id
1230 4435 1380 4499 futurum

196 4531 352 4614 episcopis
384 4531 461 4614 ipsis
494 4536 526 4594 et
560 4529 713 4612 gregibus
747 4528 865 4612 quibus
898 4535 1063 4610 praesunt,
1097 4529 1123 4591 si
1147 4527 1313 4590 interdum
1338 4525 1379 4588 ad

195 4627 333 4688 matrem
358 4643 458 4704 suam,
483 4621 692 4706 apostolicam
709 4619 824 4700 sedem,
843 4618 936 4684 modo
956 4640 1048 4699 unua,
1068 4617 1162 4682 modo
1181 4616 1265 4680 alius
1280 4616 1379 4681 alter-
