3458 5492
449 465 466 501 r
492 463 611 503 riorus
636 465 694 502 rra.
719 465 848 504 uuoruru
871 466 924 504 roo
949 455 1175 506 roardrsrr'muz.
1361 450 1401 507 13

217 638 430 702 conventibus
454 645 486 700 et
510 638 656 720 personis
680 659 717 702 ac
740 639 789 702 illi
812 639 861 702 vel
885 639 950 703 illis
973 640 1016 704 ad
1039 661 1134 723 quem
1163 641 1211 705 vel
1244 642 1287 705 ad
1319 645 1399 724 quos

216 728 431 810 prioratuum,
455 727 689 810 dignitatum,
719 735 953 810 personatuum
978 731 1026 793 vel
1050 730 1240 810 officiorum,
1268 733 1403 796 canoni-

217 825 350 881 catuum
375 824 408 880 et
431 817 681 898 prebendarum,
695 819 948 899 parrochialium
972 820 1180 886 ecclesiarum
1204 827 1237 884 et
1260 821 1399 885 aliorum

217 905 446 970 beneficiorum
471 909 673 988 prelatorum
698 909 837 988 collatio,
861 909 1009 991 provisio,
1042 911 1249 992 presentans
1285 912 1399 975 electio

216 1018 272 1060 seu
296 997 408 1077 quevis
433 997 497 1062 alia
521 997 689 1080 dispositio
713 999 929 1063 communiter
953 999 1002 1064 vel
1025 1000 1153 1064 divisim
1183 1002 1326 1084 pertinet
1350 1001 1398 1063 di·

216 1087 364 1150 strictius
396 1086 589 1168 inhibentes
614 1109 654 1152 ne
678 1088 718 1152 de
741 1088 806 1152 illis
828 1089 871 1152 ad
895 1089 1039 1172 aliquam
1063 1089 1273 1170 ellectionem,
1298 1091 1400 1154 norni-

216 1177 392 1257 nationem,
415 1177 667 1259 postulationem
693 1200 750 1242 seu
774 1179 988 1262 provisionem
1014 1200 1251 1262 quamcumque
1284 1185 1402 1244 contra

216 1266 467 1330 reservationem
500 1275 644 1332 nostram
676 1268 860 1334 huiusmodi
891 1275 1090 1351 attemptare
1113 1269 1221 1333 iacere
1245 1290 1301 1333 seu
1324 1291 1398 1352 pro-

216 1355 328 1418 cedere
353 1357 579 1438 quoquomodo
598 1365 796 1439 presumant,
816 1359 938 1440 absque
961 1367 1074 1423 nostra
1097 1364 1131 1422 et
1154 1359 1238 1424 sedis
1255 1360 1396 1422 ciusdem

216 1445 413 1510 auctoritate
446 1455 478 1509 et
510 1447 644 1511 licentia
676 1447 815 1530 speciali.
855 1449 923 1512 Nos
957 1449 1040 1512 euim
1075 1469 1114 1512 ex
1146 1470 1233 1513 nunc
1265 1450 1398 1512 irritum

215 1535 417 1600 decernimus
441 1542 473 1600 et
498 1536 593 1601 inane
623 1539 776 1620 quicquid
802 1544 918 1601 contra
940 1538 1192 1602 reservationem
1217 1546 1249 1604 et
1278 1539 1398 1602 inhibi-

216 1625 335 1688 tionem
370 1633 497 1690 nostras
531 1627 716 1692 huiusmodi
749 1649 768 1690 a
800 1628 957 1710 predictis
986 1627 1244 1711 archiepiscopis.
1278 1629 1398 1694 electis

215 1715 399 1795 abbatibus
420 1715 581 1798 capitulis,
601 1717 751 1800 collegiis
769 1717 981 1782 conventibus
997 1725 1030 1782 et
1046 1718 1119 1782 aliis
1139 1719 1399 1800 quibuscumque

214 1805 359 1887 personis
392 1805 505 1887 quavis
538 1808 737 1871 auctoritate
769 1807 909 1871 scienter
933 1807 982 1870 vel
1006 1809 1196 1889 ignoranter
1222 1808 1397 1889 contigerit

213 1895 413 1978 attemptari.
438 1895 532 1960 Nulli
556 1917 632 1978 ergo
656 1903 715 1960 etc.
739 1904 849 1960 nostre
873 1898 1111 1977 reservationis,
1134 1897 1340 1962 inhibitionis
1365 1907 1395 1962 et

214 1985 457 2048 constitutionis
490 1985 668 2067 infringere
693 1993 751 2050 etc.
786 1987 918 2068 Siquis
947 1995 1007 2051 etc.
1040 1987 1166 2052 Datum
1197 1989 1299 2052 Rome
1324 1987 1401 2052 idus

213 2075 359 2156 Augusti
382 2097 468 2139 anno
492 2076 604 2158 primo

320 2239 355 2296 (Α
375 2234 501 2287 vatikani
521 2234 703 2287 leveltarban.
726 2238 847 2303 Regesta
865 2235 1002 2287 Vaticana
1021 2235 1080 2288 vol.
1103 2244 1171 2300 342,
1191 2234 1238 2288 fol.
1259 2239 1312 2298 90.)

761 2561 841 2626 VH.

635 2683 735 2785 rear.¹
756 2721 890 2786 februar
917 2729 968 2786 aa.

211 2883 449 2967 Seerrtppo'rppi
473 2886 611 2950 Andros
633 2885 834 2967 folpomodilc
856 2887 888 2949 V.
914 2887 1051 2949 arur-tou
1072 2884 1234 2965 pripdhor,
1257 2884 1341 2967 kopp
1365 2889 1394 2946 dt

211 2994 231 3037 u
255 2975 397 3038 cademot
422 2975 747 3058 drlruoonolrrdpbun,
771 2977 886 3058 melyet
909 2976 1086 3058 Zoipmond
1111 2975 1222 3056 lirdlp
1246 2978 1394 3038 recreasse

563 3067 702 3148 rrlnppiin
726 3066 785 3144 hir,
809 3069 941 3130 erdse'tse
966 3087 1042 3148 irrep.

318 3226 512 3290 Beatissimo
535 3235 639 3309 pater.
673 3228 822 3292 Vacante
848 3227 1055 3291 thesauraria
1079 3248 1134 3290 seu
1159 3224 1306 3290 custodia
1330 3226 1395 3288 col·

210 3316 330 3397 legiate
354 3317 484 3380 ecclesie
508 3317 613 3381 sancti
637 3318 772 3400 spiritus
794 3317 1009 3396 Chasmensis
1027 3338 1089 3398 que
1114 3315 1258 3379 officium
1282 3315 1393 3378 existit

209 3405 242 3468 in
268 3407 388 3484 eadem,
423 3428 462 3470 ex
494 3428 530 3470 eo
564 3408 650 3488 quod
680 3408 814 3489 quidam
839 3407 980 3470 Thomas
1006 3406 1163 3470 Bruniem
1187 3406 1227 3468 de
1251 3403 1393 3468 Chazma

211 3496 354 3559 eiusdem
387 3497 534 3560 custodie
566 3518 661 3560 verus
693 3519 863 3580 possessor,
896 3498 1135 3579 preposituram
1169 3494 1299 3559 ecclesie
1328 3494 1393 3557 Ba-

210 3586 347 3649 cbiensis
372 3593 459 3650 certo
483 3587 576 3650 nrodo
600 3595 770 3651 vacantem
793 3587 858 3650 init
882 3587 1014 3670 pacifice
1038 3591 1214 3664 assecutus,
1239 3591 1271 3647 et
1295 3606 1400 3665 quam.

209 3676 352 3756 possidet
376 3668 415 3738 de
439 3677 590 3758 presenti,
625 3678 759 3740 devotus
788 3678 975 3741 sanctitatis
1000 3685 1104 3740 vestre
1132 3675 1219 3738 filius
1243 3673 1393 3738 dominus

209 3763 437 3846 sigismundus
476 3766 699 3830 Romanorum
739 3788 775 3830 ac
814 3767 989 3848 Hungarie
1020 3772 1080 3828 etc.
1119 3786 1185 3832 rex.
1225 3769 1391 3844 tamquam

209 3863 366 3936 patronus
391 3855 432 3918 ad
457 3856 579 3920 dictam
604 3857 844 3942 thesaurariam
869 3878 925 3919 seu
951 3855 1132 3919 custodiam
1165 3854 1318 3917 devotum
1341 3875 1392 3916 re-

209 3952 314 4007 strum
338 3943 509 4008 Andream
540 3954 654 4010 natum
679 3945 850 4012 Valentini
873 3947 913 4009 de
937 3953 1048 4011 sancto
1074 3944 1214 4025 Georgio
1239 3943 1391 4006 clericum

209 4033 435 4116 Sagrabiensis
467 4036 609 4114 diocesis,
643 4037 823 4100 nominavit
856 4044 889 4100 et
921 4058 979 4118 per
1012 4057 1086 4100 suas
1118 4035 1247 4098 litteras
1272 4033 1393 4096 vicario

208 4146 264 4186 seu
297 4124 430 4188 officiali
464 4127 595 4189 ecclesie
628 4124 863 4206 Sagrabiensis,
904 4127 978 4189 sede
1012 4127 1215 4208 episcopatus
1248 4123 1391 4186 eiusdem
1448 4169 1453 4183 .

208 4223 351 4292 vacante,
375 4236 433 4296 per
457 4216 638 4297 capitulum
662 4216 772 4295 electo,
796 4217 1006 4298 presentavit,
1031 4217 1086 4298 qui
1103 4215 1234 4296 quidem
1251 4213 1391 4276 vicarius

208 4325 264 4366 seu
288 4303 436 4368 officialis
460 4306 499 4368 de
524 4306 636 4368 cadem
662 4306 877 4384 thesauraria,
911 4307 1045 4369 servatis
1071 4305 1245 4382 servandis
1280 4309 1391 4366 aueto-

208 4395 307 4456 ritate
331 4395 499 4459 ordinaria
523 4395 661 4458 contulit
687 4395 791 4458 eidem
810 4395 945 4459 Andree
962 4396 1036 4473 (sic)
1054 4403 1087 4458 et
1104 4396 1143 4458 de
1160 4395 1216 4458 illa
1239 4393 1393 4476 providit,

208 4504 347 4564 quarum
372 4485 553 4548 collationis
570 4491 603 4548 et
619 4485 809 4566 provisionis
833 4486 942 4567 vigore
967 4487 1197 4567 possessionem
1221 4481 1389 4566 pacificam

208 4573 319 4635 extitit
352 4584 535 4656 assecutus,
570 4576 703 4640 dubitat
737 4585 847 4638 autem
877 4576 984 4638 dictus
1008 4576 1161 4639 Andreas
1186 4573 1390 4638 collationem
