3436 5500
455 422 474 458 1
497 421 618 460 6161111
641 421 701 461 um.
724 421 854 461 66616111
877 422 930 462 soc
954 410 1182 462 ronrtunrtnuz.
1363 403 1405 462 17

224 595 332 676 siper
358 583 623 659 constitutionem
657 593 870 672 Execrabilis‚
904 595 1004 658 etiam
1027 595 1054 658 si
1077 594 1219 676 litigiosa
1243 603 1302 660 aut
1326 598 1407 664 alias

224 683 342 748 affecta
367 685 459 770 foret,
490 685 583 748 cuius
610 685 822 747 1166166616.
847 684 1061 747 ducentorum
1085 685 1327 768 quinquaginta
1350 687 1407 752 flo-
1500 761 1502 766 ,

222 793 374 836 renerum
412 775 486 837 auri
524 774 702 837 secundum
741 793 942 836 communem
981 774 1225 838 extimationem
1263 777 1405 841 valorem

221 884 368 926 annuum
390 884 455 926 non
480 864 641 948 excedunt
664 862 792 944 prefato
808 868 914 926 vestre
938 863 1125 927 sanctitatis
1142 866 1264 929 oratori
1281 865 1404 931 Thome

221 953 377 1016 conferat.
400 952 476 1016 Non
500 953 708 1018 obstantibus
731 952 978 1016 canonicatibus
1002 957 1035 1016 61
1058 952 1232 1034 prebendis
1257 957 1406 1021 ecclesia-

221 1063 295 1104 rum
305 1041 557 1124 ¹Vesprimiensis
581 1049 614 1105 61
630 1041 825 1122 Jauriensis,
849 1063 930 1123 quos
954 1041 1089 1122 obtinet,
1115 1064 1253 1124 quorum
1276 1045 1404 1110 fructus

222 1132 462 1214 quinquaginta
498 1131 694 1196 florenorum
732 1132 805 1196 auri
840 1132 1051 1195 extimatione
1083 1131 1231 1214 predicta
1263 1136 1405 1199 valorem

220 1243 367 1285 annuum
400 1243 464 1286 non
499 1221 667 1299 excedunt,
700 1241 739 1285 ac
763 1220 851 1285 dicta
875 1221 1075 1310 apprehensa
1099 1225 1297 1304 possessione
1322 1232 1405 1289 oete-

222 1312 305 1374 risve
329 1311 362 1374 in
388 1313 587 1375 contrarium
611 1311 810 1375 iacientibus
833 1332 897 1374 non
922 1311 1139 1390 obstantibus,
1163 1333 1237 1376 cum
1261 1336 1325 1398 non
1348 1315 1405 1378 ob-

220 1401 384 1466 stantibus
409 1401 481 1464 aliis
506 1407 538 1465 et
563 1401 717 1464 clausulis
741 1401 918 1483 oportunis
936 1441 976 1450 -
998 1399 1193 1464 Concessum
1217 1409 1256 1488 ut
1278 1404 1404 1486 petitur

220 1491 359 1554 constito
392 1490 431 1554 de
466 1511 540 1554 vero
572 1495 752 1572 patronatu
785 1489 872 1552 dicte
895 1491 1007 1571 regine
1030 1491 1064 1552 in
1089 1493 1254 1572 presentia
1278 1493 1403 1557 domini

220 1581 322 1643 nostri
345 1601 436 1662 pape.
462 1579 495 1645 O.
510 1580 738 1644 Ariminensis.
764 1618 804 1625 —
831 1581 877 1642 Et
900 1579 1126 1644 committatur
1150 1579 1297 1646 Johanni
1321 1585 1403 1665 epis-

219 1689 297 1752 eopo
314 1670 513 1734 Zamorensi.
525 1709 565 1716 —
577 1668 612 1734 O.
629 1669 857 1733 Ariminensis.
870 1707 909 1714 —
922 1667 1048 1732 Datum
1072 1669 1241 1734 Florentio
1265 1672 1403 1736 decimo-

219 1759 354 1840 septimo
379 1757 534 1827 kalendas
558 1757 711 1824 Octobris
734 1781 820 1824 anno
845 1759 976 1830 decimo.

217 1986 230 2039 f
247 1987 256 2038 l
325 1919 360 2049 (lq
373 1916 501 1970 vatikani
514 1917 697 1970 leve'lttrban.
712 1915 934 1984 supplicationes
948 1915 1068 1984 Eugenii
1078 1922 1124 1970 IV.
1138 1923 1232 1970 Annus
1242 1923 1276 1970 X.
1287 1918 1348 1972 nib.
1360 1881 1404 1986 V.,

230 2004 265 2039 o.
288 1996 345 2041 133.

784 2260 830 2322 X.

657 2427 751 2486 1440.
775 2421 911 2486 ohtober
938 2425 964 2484 1.

218 2577 329 2644 ceum
347 2581 489 2665 Frippes
510 2583 592 2666 pro'f
604 2604 624 2648 6
640 2583 774 2666 1119111111
799 2582 974 2664 triptolemi
991 2581 1245 2664 juoudulmotut
1267 2585 1400 2668 1116111166

215 2669 368 2734 Εν6661161
402 2672 600 2755 1111116661όί
632 2678 731 2755 opert
764 2673 905 2756 repperi
931 2671 1037 2755 jopuu
1070 2672 1216 2754 Zo'lpoutt'
1232 2675 1399 2740 'Bcbedelr

528 2763 662 2846 6116111111
681 2765 848 2844 petspo'lcrc
873 2763 1084 2826 rubricabat.

320 2920 510 2986 Friderious
527 2922 590 2985 Dei
607 2922 717 3004 gracia
731 2921 822 3001 Oilie,
839 2921 1053 3004 Ortemburgi
1070 2921 1275 3006 Zagorieque
1293 2945 1399 2989 comes

214 3014 273 3071 eto.
308 3013 483 3076 reverendo
515 3013 549 3075 in
583 3011 714 3077 Christo
746 3013 835 3095 patri
868 3013 997 3076 domino
1030 3013 1209 3078 Benedicto
1233 3013 1273 3076 de
1297 3014 1398 3094 Zolio,

214 3099 315 3163 electo
339 3108 372 3165 61
396 3101 587 3165 confirmato
613 3103 744 3166 ecclesie
778 3103 1010 3184 Zagrabiensis
1043 3101 1186 3166 favorem
1211 3109 1243 3165 61
1267 3103 1398 3170 benivo-

212 3187 349 3254 lenciam
373 3211 446 3254 oum
470 3193 573 3255 omnis
596 3192 673 3257 boni
697 3192 906 3255 incremento.
930 3191 1049 3256 Vestre
1078 3192 1255 3272 probitatis
1280 3195 1398 3258 1661116

211 3277 402 3361 laudabilia,
428 3283 547 3364 quibus
570 3283 612 3346 ab
638 3282 795 3346 altissimo
819 3282 965 3346 decorari
989 3281 1172 3360 censemini,
1194 3282 1295 3346 eciam
1319 3282 1397 3347 fide-

213 3369 384 3449 dignorum
417 3373 604 3435 testimonia
636 3393 693 3435 nos
726 3372 889 3436 inducunt
922 3372 1112 3454 propensius
1137 3378 1170 3434 et
1194 3379 1329 3454 augunt,
1358 3381 1397 3437 ut

212 3458 326 3522 horum
350 3462 476 3524 intuitu
500 3481 536 3525 eo
560 3461 699 3542 amplius
732 3467 874 3526 uestram
904 3483 1075 3544 personam
1107 3460 1284 3526 honoribus
1308 3463 1397 3526 favo-

211 3543 367 3630 ribusque
390 3572 625 3634 prosequamur
658 3553 820 3634 graciosis.
853 3551 942 3614 Hinc
967 3557 1015 3614 est
1039 3551 1125 3632 quod
1150 3572 1206 3614 nos
1231 3552 1270 3614 de
1293 3553 1395 3633 ipsius

211 3644 317 3702 vestre
340 3641 508 3722 legalitate
531 3661 666 3724 persone
690 3640 809 3720 confisi,
843 3646 933 3704 certa
957 3640 1219 3704 consideracione
1243 3642 1330 3721 moti,
1356 3643 1397 3706 de

211 3727 358 3810 plenaria
382 3732 464 3794 iuris
487 3737 683 3813 patronatus
706 3736 869 3814 potestate
886 3731 928 3794 ad
945 3731 1068 3794 dictam
1085 3730 1251 3794 ecclesiam
1271 3731 1396 3813 Zagra-
1477 3735 1479 3743 ⁴

210 3818 353 3882 biensem
377 3828 450 3902 post
474 3820 600 3884 obitum
624 3821 762 3886 condam
781 3821 977 3886 venerabilis
996 3819 1119 3884 domini
1135 3818 1231 3898 Abel,
1251 3821 1394 3884 eiusdem

210 3907 486 3975 administratoris
504 3963 505 3968 ,
520 3919 589 3990 etc,
613 3932 671 3992 per
702 3911 939 3975 serenissimam
962 3911 1142 3993 principem
1174 3909 1339 3974 dominam
1363 3917 1397 3974 61

211 3997 374 4062 dominam
398 4000 573 4064 Elisabeth
596 3999 660 4062 Dei
684 4002 794 4082 gracia
817 4021 992 4082 regnorum
1016 3999 1200 4080 Hungarie,
1225 3999 1395 4064 Dalmacie

211 4085 344 4152 Oroacie
367 4095 426 4153 616.
450 4090 606 4172 reginam,
630 4089 794 4154 dominam
827 4097 972 4154 nostram
1007 4089 1276 4171 graciosissimam
1300 4089 1393 4154 nobis

209 4197 358 4243 concessa
382 4187 415 4242 61
438 4180 611 4250 attributa,
645 4186 752 4243 totum
784 4181 835 4243 ius
868 4179 1017 4261 eligendi,
1050 4179 1242 4242 nominandi
1267 4185 1299 4242 et
1322 4202 1394 4262 pre-

210 4269 359 4332 sentandi
384 4269 425 4332 ad
449 4270 557 4334 omnia
582 4276 615 4332 et
639 4271 767 4351 singula
800 4269 957 4333 beneficia
985 4276 1100 4333 curata
1124 4276 1157 4332 et
1181 4290 1243 4332 non
1269 4275 1393 4348 curata,

209 4356 358 4422 videlicet
381 4365 582 4440 personatus,
606 4359 792 4442 dignitates,
821 4359 1039 4436 canonicatus,
1064 4358 1192 4437 altaria,
1220 4358 1394 4439 magistra·

209 4453 261 4511 tus
284 4455 344 4513 aut
367 4449 432 4512 alia
456 4449 567 4531 quovis
591 4449 731 4512 nominis
756 4449 910 4513 vocabulo
935 4449 1032 4530 diota,
1055 4449 1088 4512 in
1110 4449 1244 4512 ecclesia
1268 4448 1393 4529 Zagro-

208 4537 311 4602 biensi
334 4539 521 4603 kathedrali
545 4545 603 4602 aut
624 4537 813 4604 Chasmensi
836 4539 1007 4620 collegiata
1031 4538 1183 4604 vacantia
1200 4545 1233 4602 et
1249 4538 1282 4600 in
1300 4537 1393 4600 iutu-

252 4660 426 4706 onnnvtnrln
449 4672 467 4706 s
490 4671 518 4707 6.
541 4673 568 4706 u.
591 4671 713 4706 6661661
737 4672 787 4706 roe
811 4661 962 4706 roan-nun.
1269 4667 1283 4710 2
