3454 5492
765 449 952 501 oannvdnrlu
989 479 993 488 .

798 739 928 805 XLIV.

699 905 794 964 1500.
818 900 953 966 februar
970 907 1020 966 26.

267 1061 318 1128 II.
344 1025 474 1128 Ulnsao
495 1083 516 1126 u
536 1061 784 1142 praecantorum
806 1061 1011 1170 (dupdlsdpot
1038 1063 1182 1128 Tbolnci
1199 1065 1359 1130 Moite'ncl·
1376 1067 1451 1128 celo-

766 1171 957 1234 rncopoaac.

376 1309 445 1374 Nos
470 1309 673 1373 Wladislaus
696 1307 759 1372 Dei
784 1308 894 1391 gracia
927 1328 984 1371 rex
1016 1307 1197 1390 Hungarie‚
1231 1309 1450 1391 Bohemieque

264 1407 327 1464 etc.
364 1399 534 1463 Memorie·
556 1399 817 1463 commendamus
850 1405 963 1462 tenore
995 1398 1207 1480 presencium,
1231 1397 1450 1481 significantes

266 1489 389 1572 quibus
412 1488 544 1570 expedit
568 1489 735 1568 universis,
768 1487 856 1569 quqd
879 1510 936 1551 nos
959 1487 1086 1552 inducti
1112 1487 1236 1552 meritis
1263 1494 1295 1551 et
1320 1488 1450 1551 virtuti-

268 1579 329 1643 bus
353 1599 390 1642 ao
415 1577 579 1661 probitate
602 1583 635 1641 et
660 1599 787 1643 morum
811 1577 979 1640 honestate
1003 1575 1107 1640 fidelis
1130 1579 1233 1641 nostri
1258 1577 1452 1642 venerabilis

269 1668 418 1752 magistri
442 1667 572 1732 Mathei
595 1667 736 1731 litterati
760 1667 800 1730 de
820 1667 947 1730 Tholna
971 1666 1091 1730 notarii
1117 1668 1308 1731 cancellarie
1332 1674 1451 1746 nostre,

266 1757 387 1839 quibus
419 1758 526 1840 ipsum
558 1757 751 1839 insignitum
784 1777 852 1820 esse
884 1756 1098 1838 cognovimus,
1132 1757 1269 1820 eundem
1294 1765 1451 1838 tanquam

268 1849 374 1911 virum
398 1847 551 1910 idoneum
576 1854 608 1910 et
632 1867 800 1928 personam
825 1845 1060 1910 benemeritam
1084 1845 1126 1909 ad
1150 1845 1320 1910 abbaciam
1347 1847 1452 1910 sancti

269 1937 410 2001 Martini
434 1937 518 2000 sacri
541 1937 659 2000 montis
683 1935 860 2016 Pannonie,
885 1936 1017 2018 eiusque
1034 1937 1310 2014 reformacionem,
1330 1957 1369 1998 ex
1387 1958 1451 2018 quo

268 2027 418 2092 videlicet
457 2027 523 2104 illa,
562 2033 676 2108 utpote
710 2047 773 2108 que
805 2026 839 2088 in
873 2025 933 2090 hoo
965 2045 1065 2107 regno
1098 2034 1209 2088 nostro
1241 2027 1275 2088 in
1309 2027 1451 2090 ecclesiis

265 2115 493 2180 abbacialibus
516 2117 695 2198 primatum
719 2123 818 2194 tenet,
850 2115 957 2179 ordini
979 2136 1037 2180 suo
1061 2116 1235 2178 restituere
1259 2121 1291 2178 et
1316 2116 1451 2179 eandem

267 2205 440 2271 reformari
464 2206 677 2285 instituimus,
701 2205 740 2268 de
764 2204 915 2269 manibus
944 2205 1062 2269 nostris
1085 2205 1183 2286 regiis
1207 2225 1335 2269 exnunc
1359 2206 1451 2268 emit-

268 2296 400 2359 tendam
425 2297 622 2360 auctoritate
646 2295 924 2377 iurispatronatus
949 2295 1052 2359 nostri
1078 2295 1205 2377 regalis,
1237 2294 1324 2376 quod
1358 2316 1452 2376 gene-

267 2386 383 2449 raliter
406 2386 440 2447 in
464 2385 614 2449 omnibus
638 2385 731 2466 regni
755 2384 857 2448 nostri
882 2383 1032 2464 ecclesiis,
1060 2384 1166 2448 instar
1189 2385 1451 2466 predecessorum

269 2482 454 2538 nostrorum
486 2495 600 2557 regum
633 2473 753 2537 habere
785 2474 992 2552 dinoscimur,
1025 2474 1177 2537 duximus
1210 2474 1395 2556 eligendum
1419 2482 1451 2537 et

269 2564 513 2643 nominandum,
528 2585 565 2627 ao
581 2563 751 2627 abbaciam
768 2563 872 2644 ipsam
888 2564 992 2627 eidem
1008 2563 1165 2644 magistro
1181 2563 1326 2643 Matheo,
1341 2563 1451 2628 simul-

266 2675 343 2717 cum
367 2652 516 2717 omnibus
539 2653 632 2716 bonis
649 2659 682 2717 et
698 2652 959 2736 possessionibus,
982 2652 1254 2735 porcionibusque
1275 2661 1307 2718 et
1324 2653 1450 2717 iuribus

266 2743 534 2826 possessionariia
567 2743 704 2824 aliisque
737 2741 904 2824 quibusvis
939 2742 1159 2824 proventibus,
1199 2742 1451 2806 obvencionibus

266 2841 303 2896 et
327 2832 552 2897 emolumentis
576 2854 613 2896 ao
637 2831 764 2896 iuribus
787 2839 821 2894 et
844 2831 1063 2911 libertatibus,
1080 2831 1199 2915 quibus
1223 2833 1293 2916 ipsa
1318 2833 1451 2896 eeclesia

266 2923 309 2986 ab
335 2922 471 3004 antiquo
504 2944 544 2986 ex
576 2922 772 2987 fundacione
805 2921 947 2985 eiusdem
973 2943 1031 2986 usa
1054 2930 1102 2986 est
1126 2928 1159 2986 et
1181 2921 1346 3001 libertate,
1372 2923 1452 2985 dan-

268 3013 344 3077 dam
378 3013 530 3076 duximus
563 3018 596 3076 et
629 3011 866 3091 conferendam,
898 3012 947 3075 ita
980 3011 1139 3092 videlicet,
1172 3013 1257 3092 quod
1292 3014 1359 3094 ipse
1383 3021 1451 3075 tam

266 3101 536 3180 cumfratribus
561 3124 658 3184 quam
683 3121 756 3165 cum
781 3100 916 3166 edificiis
941 3103 1174 3165 monasterium
1190 3102 1272 3166 illud
1289 3102 1451 3178 reformet,
1544 3113 1549 3126 ·

267 3193 453 3273 fratresque
476 3191 563 3255 illius
587 3191 710 3255 ordinis
734 3191 773 3254 de
797 3190 1007 3255 observanoia
1030 3191 1229 3272 introducat,
1253 3202 1382 3256 etcum
1407 3192 1452 3254 eis

268 3304 326 3364 per
349 3279 413 3345 Dei
437 3281 580 3363 graciam
604 3281 706 3345 faeiat
730 3286 857 3344 statuta
882 3280 970 3343 illius
1001 3281 1125 3345 ordinis
1158 3281 1337 3361 observare,
1369 3281 1451 3361 ipse-

273 3393 336 3453 que
368 3369 518 3434 habitum
552 3370 695 3435 eiusdem
731 3369 854 3433 ordinis
888 3370 1028 3452 accipiat
1061 3376 1094 3433 et
1127 3370 1280 3434 decenter
1312 3371 1448 3450 delerat,

266 3482 375 3543 ymmo
400 3460 557 3543 eligimuS,
582 3467 614 3524 et
634 3460 676 3524 ad
696 3459 963 3539 confirmandum,
986 3459 1039 3522 cui
1063 3460 1102 3523 de
1126 3459 1185 3522 hoc
1209 3461 1356 3538 interest,
1380 3481 1452 3541 pre-

267 3558 443 3628 sentamus,
476 3549 594 3613 harum
626 3555 812 3614 nostrarum
845 3549 955 3630 vigore
988 3555 1020 3612 et
1055 3549 1239 3614 testimonio
1264 3549 1452 3613 litterarum

270 3639 499 3703 mediantibus.
533 3638 659 3702 Datum
683 3638 785 3718 Bude,
814 3638 899 3702 feria
923 3635 1042 3720 quarta
1065 3638 1213 3720 proxima
1235 3646 1308 3721 post
1333 3639 1451 3702 festum

269 3729 359 3793 beati
382 3729 512 3793 Mathie
534 3729 681 3812 apostoli,
705 3749 789 3791 anno
814 3727 949 3792 Domini
972 3727 1150 3808 millesimo,
1184 3729 1453 3812 quingentesimo,

269 3839 444 3901 regnorum
478 3823 662 3883 nostrorum
694 3818 877 3900 Hungarie,
920 3823 979 3881 etc.
1012 3838 1097 3881 anno
1130 3818 1262 3899 decimo,
1297 3818 1452 3883 Bohemie

269 3928 344 3973 vero
371 3908 542 3972 tricesimo.

377 4071 413 4130 (A
432 4067 539 4120 esornai
558 4068 682 4121 konvent
703 4074 779 4119 1507.
796 4067 899 4130 januar
919 4065 1006 4118 as-iki
1025 4065 1193 4133 atirataban,
1213 4064 1452 4119 aszent-martoni

269 4139 416 4207 idapatsag
438 4139 638 4193 leveltaraban.
662 4147 702 4193 29.
723 4155 813 4206 rapsa,
832 4143 876 4202 A.)
