<?xml version="1.0" encoding="UTF-8"?>
<!DOCTYPE html PUBLIC "-//W3C//DTD XHTML 1.0 Transitional//EN"
    "http://www.w3.org/TR/xhtml1/DTD/xhtml1-transitional.dtd">
<html xmlns="http://www.w3.org/1999/xhtml" xml:lang="en" lang="en">
 <head>
  <title>
</title>
<meta http-equiv="Content-Type" content="text/html;charset=utf-8" />
  <meta name='ocr-system' content='tesseract 3.04.00' />
  <meta name='ocr-capabilities' content='ocr_page ocr_carea ocr_par ocr_line ocrx_word'/>
</head>
<body>
  <div class='ocr_page' id='page_1' title='image "./oklevltramagyar00frakgoog_0308.png"; bbox 0 0 3472 5494; ppageno 0'>
   <div class='ocr_carea' id='block_1_1' title="bbox 476 462 1434 524">
    <p class='ocr_par' dir='ltr' id='par_1_1' title="bbox 476 462 1434 524">
     <span class='ocr_line' id='line_1_1' title="bbox 476 462 1434 524; baseline -0.002 -1"><span class='ocrx_word' id='word_1_1' title='bbox 476 487 495 523; x_wconf 74' lang='lat' dir='ltr'>s</span> <span class='ocrx_word' id='word_1_2' title='bbox 518 485 640 524; x_wconf 74' lang='lat' dir='ltr'>nrorna</span> <span class='ocrx_word' id='word_1_3' title='bbox 663 485 721 524; x_wconf 82' lang='lat' dir='ltr'>ms.</span> <span class='ocrx_word' id='word_1_4' title='bbox 745 477 875 524; x_wconf 78' lang='lat' dir='ltr'>unorum</span> <span class='ocrx_word' id='word_1_5' title='bbox 898 484 951 524; x_wconf 75' lang='lat' dir='ltr'>roo</span> <span class='ocrx_word' id='word_1_6' title='bbox 975 470 1202 522; x_wconf 76' lang='lat' dir='ltr'>ronrnnsrnurz.</span> <span class='ocrx_word' id='word_1_7' title='bbox 1369 462 1434 522; x_wconf 76' lang='lat' dir='ltr'>att</span> 
     </span>
    </p>
   </div>
   <div class='ocr_carea' id='block_1_2' title="bbox 246 655 1437 3960">
    <p class='ocr_par' dir='ltr' id='par_1_2' title="bbox 249 655 1435 828">
     <span class='ocr_line' id='line_1_2' title="bbox 249 655 1435 740; baseline -0.002 -20"><span class='ocrx_word' id='word_1_8' title='bbox 249 679 308 740; x_wconf 87' lang='lat' dir='ltr'>pro</span> <span class='ocrx_word' id='word_1_9' title='bbox 336 657 498 739; x_wconf 79' lang='lat' dir='ltr'>dignitate</span> <span class='ocrx_word' id='word_1_10' title='bbox 527 655 700 738; x_wconf 87' lang='lat' dir='ltr'>episcopali</span> <span class='ocrx_word' id='word_1_11' title='bbox 733 662 832 720; x_wconf 92' lang='lat' dir='ltr'>erunt</span> <span class='ocrx_word' id='word_1_12' title='bbox 864 655 983 738; x_wconf 87' lang='lat' dir='ltr'>provisi</span> <span class='ocrx_word' id='word_1_13' title='bbox 1007 661 1040 719; x_wconf 90' lang='lat' dir='ltr'>et</span> <span class='ocrx_word' id='word_1_14' title='bbox 1064 655 1240 720; x_wconf 89' lang='lat' dir='ltr'>consiliarii</span> <span class='ocrx_word' id='word_1_15' title='bbox 1264 655 1354 738; x_wconf 82' lang='lat' dir='ltr'>regii,</span> <span class='ocrx_word' id='word_1_16' title='bbox 1386 655 1435 718; x_wconf 92' lang='lat' dir='ltr'>illi</span> 
     </span>
     <span class='ocr_line' id='line_1_3' title="bbox 250 743 1390 828; baseline -0.002 -19"><span class='ocrx_word' id='word_1_17' title='bbox 250 747 371 828; x_wconf 91' lang='lat' dir='ltr'>quibus</span> <span class='ocrx_word' id='word_1_18' title='bbox 390 767 447 810; x_wconf 88' lang='lat' dir='ltr'>rex</span> <span class='ocrx_word' id='word_1_19' title='bbox 464 746 659 828; x_wconf 90' lang='lat' dir='ltr'>apostolicus</span> <span class='ocrx_word' id='word_1_20' title='bbox 676 745 802 809; x_wconf 78' lang='lat' dir='ltr'>confert</span> <span class='ocrx_word' id='word_1_21' title='bbox 817 747 1039 828; x_wconf 88' lang='lat' dir='ltr'>episcopatum</span> <span class='ocrx_word' id='word_1_22' title='bbox 1056 743 1390 827; x_wconf 86' lang='lat' dir='ltr'>Transylvaniensem.</span> 
     </span>
    </p>

    <p class='ocr_par' dir='ltr' id='par_1_3' title="bbox 247 833 1435 2064">
     <span class='ocr_line' id='line_1_4' title="bbox 358 833 1435 917; baseline -0.001 -19"><span class='ocrx_word' id='word_1_23' title='bbox 358 840 409 898; x_wconf 85' lang='lat'>46.</span> <span class='ocrx_word' id='word_1_24' title='bbox 419 836 520 900; x_wconf 81' lang='lat' dir='ltr'>Ratio</span> <span class='ocrx_word' id='word_1_25' title='bbox 531 839 570 898; x_wconf 70' lang='lat'>4²²</span> <span class='ocrx_word' id='word_1_26' title='bbox 591 833 722 898; x_wconf 88' lang='lat' dir='ltr'><strong>Domini</strong></span> <span class='ocrx_word' id='word_1_27' title='bbox 741 833 1058 917; x_wconf 85' lang='lat' dir='ltr'>praelatiUngariae</span> <span class='ocrx_word' id='word_1_28' title='bbox 1075 855 1138 898; x_wconf 92' lang='lat' dir='ltr'>non</span> <span class='ocrx_word' id='word_1_29' title='bbox 1155 835 1308 898; x_wconf 90' lang='lat' dir='ltr'>videntur</span> <span class='ocrx_word' id='word_1_30' title='bbox 1325 835 1435 915; x_wconf 86' lang='lat' dir='ltr'>magni</span> 
     </span>
     <span class='ocr_line' id='line_1_5' title="bbox 250 923 1434 1008; baseline -0.001 -20"><span class='ocrx_word' id='word_1_31' title='bbox 250 927 408 988; x_wconf 84' lang='lat' dir='ltr'>extimare</span> <span class='ocrx_word' id='word_1_32' title='bbox 442 923 719 990; x_wconf 89' lang='lat' dir='ltr'>confirmationem</span> <span class='ocrx_word' id='word_1_33' title='bbox 743 931 776 988; x_wconf 94' lang='lat' dir='ltr'>et</span> <span class='ocrx_word' id='word_1_34' title='bbox 800 925 1073 989; x_wconf 87' lang='lat' dir='ltr'>consecrationem</span> <span class='ocrx_word' id='word_1_35' title='bbox 1096 923 1325 1008; x_wconf 88' lang='lat' dir='ltr'>pontificalem,</span> <span class='ocrx_word' id='word_1_36' title='bbox 1359 944 1434 988; x_wconf 88' lang='lat' dir='ltr'>nam</span> 
     </span>
     <span class='ocr_line' id='line_1_6' title="bbox 250 1012 1435 1098; baseline -0.002 -21"><span class='ocrx_word' id='word_1_37' title='bbox 250 1014 344 1078; x_wconf 91' lang='lat' dir='ltr'>electi</span> <span class='ocrx_word' id='word_1_38' title='bbox 369 1036 389 1078; x_wconf 88' lang='lat' dir='ltr'>a</span> <span class='ocrx_word' id='word_1_39' title='bbox 412 1036 487 1097; x_wconf 88' lang='lat' dir='ltr'>rege</span> <span class='ocrx_word' id='word_1_40' title='bbox 512 1014 696 1098; x_wconf 79' lang='lat' dir='ltr'>apostolico,</span> <span class='ocrx_word' id='word_1_41' title='bbox 711 1036 774 1078; x_wconf 91' lang='lat' dir='ltr'>non</span> <span class='ocrx_word' id='word_1_42' title='bbox 798 1020 976 1096; x_wconf 86' lang='lat' dir='ltr'>procurant</span> <span class='ocrx_word' id='word_1_43' title='bbox 999 1015 1088 1076; x_wconf 86' lang='lat' dir='ltr'>intra</span> <span class='ocrx_word' id='word_1_44' title='bbox 1112 1013 1267 1077; x_wconf 89' lang='lat' dir='ltr'>terminos</span> <span class='ocrx_word' id='word_1_45' title='bbox 1291 1034 1311 1077; x_wconf 83' lang='lat' dir='ltr'>a</span> <span class='ocrx_word' id='word_1_46' title='bbox 1335 1012 1435 1077; x_wconf 89' lang='lat' dir='ltr'>sacris</span> 
     </span>
     <span class='ocr_line' id='line_1_7' title="bbox 250 1102 1434 1186; baseline -0.002 -18"><span class='ocrx_word' id='word_1_47' title='bbox 250 1105 429 1168; x_wconf 89' lang='lat' dir='ltr'>canonibus</span> <span class='ocrx_word' id='word_1_48' title='bbox 445 1103 661 1186; x_wconf 89' lang='lat' dir='ltr'>praescriptos</span> <span class='ocrx_word' id='word_1_49' title='bbox 681 1105 850 1185; x_wconf 81' lang='lat' dir='ltr'>acquirere</span> <span class='ocrx_word' id='word_1_50' title='bbox 874 1125 893 1166; x_wconf 89' lang='lat' dir='ltr'>a</span> <span class='ocrx_word' id='word_1_51' title='bbox 917 1104 992 1167; x_wconf 88' lang='lat' dir='ltr'>sede</span> <span class='ocrx_word' id='word_1_52' title='bbox 1015 1102 1193 1185; x_wconf 89' lang='lat' dir='ltr'>apostolica</span> <span class='ocrx_word' id='word_1_53' title='bbox 1217 1102 1434 1166; x_wconf 86' lang='lat' dir='ltr'>confirmatio-</span> 
     </span>
     <span class='ocr_line' id='line_1_8' title="bbox 249 1191 1434 1274; baseline 0 -18"><span class='ocrx_word' id='word_1_54' title='bbox 249 1215 322 1256; x_wconf 86' lang='lat' dir='ltr'>nem</span> <span class='ocrx_word' id='word_1_55' title='bbox 356 1200 388 1257; x_wconf 91' lang='lat' dir='ltr'>et</span> <span class='ocrx_word' id='word_1_56' title='bbox 419 1195 701 1257; x_wconf 89' lang='lat' dir='ltr'>consecrationem.</span> <span class='ocrx_word' id='word_1_57' title='bbox 732 1199 768 1259; x_wconf 79' lang='lat'>20</span> <span class='ocrx_word' id='word_1_58' title='bbox 788 1191 979 1257; x_wconf 77' lang='lat' dir='ltr'>Consecrati</span> <span class='ocrx_word' id='word_1_59' title='bbox 1001 1191 1099 1256; x_wconf 90' lang='lat' dir='ltr'>semel</span> <span class='ocrx_word' id='word_1_60' title='bbox 1122 1192 1165 1257; x_wconf 90' lang='lat' dir='ltr'>ad</span> <span class='ocrx_word' id='word_1_61' title='bbox 1189 1215 1291 1256; x_wconf 87' lang='lat' dir='ltr'>uuum</span> <span class='ocrx_word' id='word_1_62' title='bbox 1315 1192 1434 1274; x_wconf 89' lang='lat' dir='ltr'>episco-</span> 
     </span>
     <span class='ocr_line' id='line_1_9' title="bbox 247 1281 1435 1365; baseline -0.001 -18"><span class='ocrx_word' id='word_1_63' title='bbox 247 1289 370 1365; x_wconf 89' lang='lat' dir='ltr'>patum,</span> <span class='ocrx_word' id='word_1_64' title='bbox 395 1282 437 1347; x_wconf 89' lang='lat' dir='ltr'>ad</span> <span class='ocrx_word' id='word_1_65' title='bbox 461 1283 563 1346; x_wconf 90' lang='lat' dir='ltr'>alium</span> <span class='ocrx_word' id='word_1_66' title='bbox 588 1284 728 1365; x_wconf 91' lang='lat' dir='ltr'>promoti</span> <span class='ocrx_word' id='word_1_67' title='bbox 752 1303 771 1346; x_wconf 91' lang='lat' dir='ltr'>a</span> <span class='ocrx_word' id='word_1_68' title='bbox 795 1303 871 1364; x_wconf 87' lang='lat' dir='ltr'>rege</span> <span class='ocrx_word' id='word_1_69' title='bbox 895 1281 1070 1364; x_wconf 90' lang='lat' dir='ltr'>apostolico</span> <span class='ocrx_word' id='word_1_70' title='bbox 1089 1283 1124 1344; x_wconf 90' lang='lat' dir='ltr'>in</span> <span class='ocrx_word' id='word_1_71' title='bbox 1148 1303 1184 1346; x_wconf 93' lang='lat' dir='ltr'>eo</span> <span class='ocrx_word' id='word_1_72' title='bbox 1208 1282 1322 1346; x_wconf 89' lang='lat' dir='ltr'>statim</span> <span class='ocrx_word' id='word_1_73' title='bbox 1342 1287 1435 1346; x_wconf 79' lang='lat' dir='ltr'>&#39;exer-</span> 
     </span>
     <span class='ocr_line' id='line_1_10' title="bbox 249 1371 1434 1458; baseline -0.001 -23"><span class='ocrx_word' id='word_1_74' title='bbox 249 1378 323 1435; x_wconf 90' lang='lat' dir='ltr'>cent</span> <span class='ocrx_word' id='word_1_75' title='bbox 343 1394 478 1435; x_wconf 87' lang='lat' dir='ltr'>munera</span> <span class='ocrx_word' id='word_1_76' title='bbox 502 1372 711 1456; x_wconf 84' lang='lat' dir='ltr'>pontificalia,</span> <span class='ocrx_word' id='word_1_77' title='bbox 737 1373 860 1455; x_wconf 81' lang='lat' dir='ltr'>absque</span> <span class='ocrx_word' id='word_1_78' title='bbox 884 1371 968 1436; x_wconf 90' lang='lat' dir='ltr'>sedis</span> <span class='ocrx_word' id='word_1_79' title='bbox 992 1371 1188 1453; x_wconf 89' lang='lat' dir='ltr'>apostolicae</span> <span class='ocrx_word' id='word_1_80' title='bbox 1211 1371 1371 1458; x_wconf 79' lang='lat' dir='ltr'>facultate</span> <span class='ocrx_word' id='word_1_81' title='bbox 1394 1371 1434 1434; x_wconf 94' lang='lat' dir='ltr'>de</span> 
     </span>
     <span class='ocr_line' id='line_1_11' title="bbox 249 1459 1435 1544; baseline -0.001 -20"><span class='ocrx_word' id='word_1_82' title='bbox 249 1462 465 1526; x_wconf 88' lang='lat' dir='ltr'>translatione</span> <span class='ocrx_word' id='word_1_83' title='bbox 481 1463 665 1544; x_wconf 81' lang='lat' dir='ltr'>impetrata,</span> <span class='ocrx_word' id='word_1_84' title='bbox 682 1461 769 1544; x_wconf 90' lang='lat' dir='ltr'>qnod</span> <span class='ocrx_word' id='word_1_85' title='bbox 786 1468 834 1526; x_wconf 91' lang='lat' dir='ltr'>est</span> <span class='ocrx_word' id='word_1_86' title='bbox 851 1468 964 1525; x_wconf 89' lang='lat' dir='ltr'>contra</span> <span class='ocrx_word' id='word_1_87' title='bbox 980 1461 1166 1525; x_wconf 91' lang='lat' dir='ltr'>Innocentii</span> <span class='ocrx_word' id='word_1_88' title='bbox 1183 1460 1250 1524; x_wconf 92' lang='lat' dir='ltr'>III.</span> <span class='ocrx_word' id='word_1_89' title='bbox 1267 1459 1435 1524; x_wconf 89' lang='lat' dir='ltr'>decretum</span> 
     </span>
     <span class='ocr_line' id='line_1_12' title="bbox 249 1549 1434 1634; baseline 0 -20"><span class='ocrx_word' id='word_1_90' title='bbox 249 1551 402 1633; x_wconf 86' lang='lat' dir='ltr'>capitulis</span> <span class='ocrx_word' id='word_1_91' title='bbox 425 1551 501 1616; x_wconf 93' lang='lat' dir='ltr'>licet</span> <span class='ocrx_word' id='word_1_92' title='bbox 525 1553 692 1615; x_wconf 87' lang='lat' dir='ltr'>intantum</span> <span class='ocrx_word' id='word_1_93' title='bbox 717 1551 757 1614; x_wconf 90' lang='lat' dir='ltr'>de</span> <span class='ocrx_word' id='word_1_94' title='bbox 783 1551 998 1615; x_wconf 86' lang='lat' dir='ltr'>translatione</span> <span class='ocrx_word' id='word_1_95' title='bbox 1021 1549 1170 1634; x_wconf 82' lang='lat' dir='ltr'>episcopi,</span> <span class='ocrx_word' id='word_1_96' title='bbox 1187 1549 1245 1614; x_wconf 91' lang='lat' dir='ltr'>ubi</span> <span class='ocrx_word' id='word_1_97' title='bbox 1269 1549 1434 1629; x_wconf 86' lang='lat' dir='ltr'>definitur,</span> 
     </span>
     <span class='ocr_line' id='line_1_13' title="bbox 248 1637 1434 1724; baseline 0 -21"><span class='ocrx_word' id='word_1_98' title='bbox 248 1640 334 1722; x_wconf 91' lang='lat' dir='ltr'>quod</span> <span class='ocrx_word' id='word_1_99' title='bbox 358 1641 496 1723; x_wconf 90' lang='lat' dir='ltr'>speciale</span> <span class='ocrx_word' id='word_1_100' title='bbox 515 1641 627 1705; x_wconf 80' lang='lat' dir='ltr'>foedus</span> <span class='ocrx_word' id='word_1_101' title='bbox 651 1641 803 1724; x_wconf 84' lang='lat' dir='ltr'>coniugii,</span> <span class='ocrx_word' id='word_1_102' title='bbox 827 1641 914 1722; x_wconf 92' lang='lat' dir='ltr'>quod</span> <span class='ocrx_word' id='word_1_103' title='bbox 939 1637 991 1704; x_wconf 71' lang='lat' dir='ltr'>cst&#39;</span> <span class='ocrx_word' id='word_1_104' title='bbox 1007 1640 1095 1704; x_wconf 87' lang='lat' dir='ltr'>inter</span> <span class='ocrx_word' id='word_1_105' title='bbox 1118 1641 1303 1724; x_wconf 90' lang='lat' dir='ltr'>episcopum</span> <span class='ocrx_word' id='word_1_106' title='bbox 1328 1645 1360 1704; x_wconf 90' lang='lat' dir='ltr'>et</span> <span class='ocrx_word' id='word_1_107' title='bbox 1384 1661 1434 1704; x_wconf 89' lang='lat' dir='ltr'>ec-</span> 
     </span>
     <span class='ocr_line' id='line_1_14' title="bbox 248 1728 1434 1812; baseline 0.001 -19"><span class='ocrx_word' id='word_1_108' title='bbox 248 1730 386 1810; x_wconf 89' lang='lat' dir='ltr'>clesiam,</span> <span class='ocrx_word' id='word_1_109' title='bbox 420 1729 507 1812; x_wconf 87' lang='lat' dir='ltr'>quod</span> <span class='ocrx_word' id='word_1_110' title='bbox 540 1729 574 1794; x_wconf 91' lang='lat' dir='ltr'>in</span> <span class='ocrx_word' id='word_1_111' title='bbox 607 1731 764 1795; x_wconf 88' lang='lat' dir='ltr'>electione</span> <span class='ocrx_word' id='word_1_112' title='bbox 796 1731 974 1808; x_wconf 89' lang='lat' dir='ltr'>initiatum,</span> <span class='ocrx_word' id='word_1_113' title='bbox 998 1736 1107 1793; x_wconf 90' lang='lat' dir='ltr'>ratum</span> <span class='ocrx_word' id='word_1_114' title='bbox 1131 1729 1165 1792; x_wconf 92' lang='lat' dir='ltr'>in</span> <span class='ocrx_word' id='word_1_115' title='bbox 1190 1728 1434 1794; x_wconf 83' lang='lat' dir='ltr'>confirmatione</span> 
     </span>
     <span class='ocr_line' id='line_1_15' title="bbox 248 1819 1433 1903; baseline -0.001 -19"><span class='ocrx_word' id='word_1_116' title='bbox 248 1825 281 1884; x_wconf 90' lang='lat' dir='ltr'>et</span> <span class='ocrx_word' id='word_1_117' title='bbox 304 1821 338 1882; x_wconf 91' lang='lat' dir='ltr'>in</span> <span class='ocrx_word' id='word_1_118' title='bbox 362 1821 604 1884; x_wconf 87' lang='lat' dir='ltr'>consecratione</span> <span class='ocrx_word' id='word_1_119' title='bbox 637 1819 835 1903; x_wconf 86' lang='lat' dir='ltr'>intelligitur</span> <span class='ocrx_word' id='word_1_120' title='bbox 859 1825 1094 1897; x_wconf 84' lang='lat' dir='ltr'>consumatum,</span> <span class='ocrx_word' id='word_1_121' title='bbox 1118 1820 1187 1882; x_wconf 88' lang='lat' dir='ltr'>sine</span> <span class='ocrx_word' id='word_1_122' title='bbox 1210 1819 1298 1882; x_wconf 90' lang='lat' dir='ltr'>illius</span> <span class='ocrx_word' id='word_1_123' title='bbox 1322 1826 1433 1884; x_wconf 75' lang='lat' dir='ltr'>aucto</span> 
     </span>
     <span class='ocr_line' id='line_1_16' title="bbox 248 1907 1434 1992; baseline 0.001 -20"><span class='ocrx_word' id='word_1_124' title='bbox 248 1909 348 1973; x_wconf 85' lang='lat' dir='ltr'>ritate</span> <span class='ocrx_word' id='word_1_125' title='bbox 381 1908 479 1974; x_wconf 91' lang='lat' dir='ltr'>solius</span> <span class='ocrx_word' id='word_1_126' title='bbox 512 1931 577 1974; x_wconf 92' lang='lat' dir='ltr'>non</span> <span class='ocrx_word' id='word_1_127' title='bbox 610 1915 725 1991; x_wconf 85' lang='lat' dir='ltr'>potest,</span> <span class='ocrx_word' id='word_1_128' title='bbox 759 1911 815 1992; x_wconf 92' lang='lat' dir='ltr'>qui</span> <span class='ocrx_word' id='word_1_129' title='bbox 849 1929 1013 1972; x_wconf 86' lang='lat' dir='ltr'>successor</span> <span class='ocrx_word' id='word_1_130' title='bbox 1045 1915 1094 1972; x_wconf 91' lang='lat' dir='ltr'>est</span> <span class='ocrx_word' id='word_1_131' title='bbox 1117 1907 1209 1972; x_wconf 89' lang='lat' dir='ltr'>Petri</span> <span class='ocrx_word' id='word_1_132' title='bbox 1238 1915 1271 1971; x_wconf 94' lang='lat' dir='ltr'>et</span> <span class='ocrx_word' id='word_1_133' title='bbox 1294 1908 1434 1974; x_wconf 88' lang='lat' dir='ltr'>vicarius</span> 
     </span>
     <span class='ocr_line' id='line_1_17' title="bbox 247 1997 1013 2064; baseline 0.001 -3"><span class='ocrx_word' id='word_1_134' title='bbox 247 1997 330 2062; x_wconf 61' lang='lat' dir='ltr'>«Iesu</span> <span class='ocrx_word' id='word_1_135' title='bbox 356 1997 490 2064; x_wconf 75' lang='lat' dir='ltr'>Christi.</span> <span class='ocrx_word' id='word_1_136' title='bbox 1011 2043 1013 2048; x_wconf 90' lang='lat'>-</span> 
     </span>
    </p>

    <p class='ocr_par' dir='ltr' id='par_1_4' title="bbox 246 2087 1433 2958">
     <span class='ocr_line' id='line_1_18' title="bbox 355 2087 1433 2170; baseline -0.002 -18"><span class='ocrx_word' id='word_1_137' title='bbox 355 2089 422 2152; x_wconf 90' lang='lat' dir='ltr'>Hic</span> <span class='ocrx_word' id='word_1_138' title='bbox 444 2087 566 2152; x_wconf 88' lang='lat' dir='ltr'>abusus</span> <span class='ocrx_word' id='word_1_139' title='bbox 591 2095 623 2152; x_wconf 91' lang='lat' dir='ltr'>et</span> <span class='ocrx_word' id='word_1_140' title='bbox 646 2087 735 2170; x_wconf 90' lang='lat' dir='ltr'>prior</span> <span class='ocrx_word' id='word_1_141' title='bbox 759 2087 888 2150; x_wconf 86' lang='lat' dir='ltr'>videtur</span> <span class='ocrx_word' id='word_1_142' title='bbox 908 2087 1077 2169; x_wconf 88' lang='lat' dir='ltr'>provenire</span> <span class='ocrx_word' id='word_1_143' title='bbox 1093 2108 1133 2150; x_wconf 87' lang='lat' dir='ltr'>ex</span> <span class='ocrx_word' id='word_1_144' title='bbox 1148 2087 1308 2150; x_wconf 82' lang='lat' dir='ltr'>facilitate</span> <span class='ocrx_word' id='word_1_145' title='bbox 1324 2087 1433 2170; x_wconf 90' lang='lat' dir='ltr'>acqui-</span> 
     </span>
     <span class='ocr_line' id='line_1_19' title="bbox 248 2175 1433 2260; baseline 0 -20"><span class='ocrx_word' id='word_1_146' title='bbox 248 2178 341 2241; x_wconf 90' lang='lat' dir='ltr'>rendi</span> <span class='ocrx_word' id='word_1_147' title='bbox 375 2177 569 2243; x_wconf 90' lang='lat' dir='ltr'>beneficium</span> <span class='ocrx_word' id='word_1_148' title='bbox 602 2175 858 2242; x_wconf 88' lang='lat' dir='ltr'>confirmationis</span> <span class='ocrx_word' id='word_1_149' title='bbox 884 2183 916 2240; x_wconf 91' lang='lat' dir='ltr'>et</span> <span class='ocrx_word' id='word_1_150' title='bbox 941 2176 1193 2241; x_wconf 89' lang='lat' dir='ltr'>consecrationis</span> <span class='ocrx_word' id='word_1_151' title='bbox 1217 2199 1237 2240; x_wconf 89' lang='lat' dir='ltr'>a</span> <span class='ocrx_word' id='word_1_152' title='bbox 1260 2176 1334 2240; x_wconf 89' lang='lat' dir='ltr'>sede</span> <span class='ocrx_word' id='word_1_153' title='bbox 1356 2198 1433 2260; x_wconf 83' lang='lat' dir='ltr'>apo-</span> 
     </span>
     <span class='ocr_line' id='line_1_20' title="bbox 248 2264 1433 2350; baseline 0.001 -21"><span class='ocrx_word' id='word_1_154' title='bbox 248 2266 371 2330; x_wconf 88' lang='lat' dir='ltr'>stolica.</span> <span class='ocrx_word' id='word_1_155' title='bbox 395 2267 625 2350; x_wconf 89' lang='lat' dir='ltr'>Respondetur</span> <span class='ocrx_word' id='word_1_156' title='bbox 649 2267 692 2331; x_wconf 89' lang='lat' dir='ltr'>ad</span> <span class='ocrx_word' id='word_1_157' title='bbox 712 2271 896 2347; x_wconf 90' lang='lat' dir='ltr'>utrumque.</span> <span class='ocrx_word' id='word_1_158' title='bbox 921 2265 1032 2329; x_wconf 91' lang='lat' dir='ltr'>Primo</span> <span class='ocrx_word' id='word_1_159' title='bbox 1049 2266 1216 2330; x_wconf 87' lang='lat' dir='ltr'>ecclesiam</span> <span class='ocrx_word' id='word_1_160' title='bbox 1232 2264 1433 2348; x_wconf 88' lang='lat' dir='ltr'>Ungarioam</span> 
     </span>
     <span class='ocr_line' id='line_1_21' title="bbox 248 2355 1433 2438; baseline 0.001 -19"><span class='ocrx_word' id='word_1_161' title='bbox 248 2378 313 2419; x_wconf 91' lang='lat' dir='ltr'>non</span> <span class='ocrx_word' id='word_1_162' title='bbox 336 2357 474 2438; x_wconf 86' lang='lat' dir='ltr'>probare</span> <span class='ocrx_word' id='word_1_163' title='bbox 498 2357 556 2421; x_wconf 90' lang='lat' dir='ltr'>hos</span> <span class='ocrx_word' id='word_1_164' title='bbox 579 2357 708 2434; x_wconf 85' lang='lat' dir='ltr'>abusus,</span> <span class='ocrx_word' id='word_1_165' title='bbox 737 2356 801 2420; x_wconf 91' lang='lat' dir='ltr'>imo</span> <span class='ocrx_word' id='word_1_166' title='bbox 831 2376 947 2438; x_wconf 89' lang='lat' dir='ltr'>urgere</span> <span class='ocrx_word' id='word_1_167' title='bbox 971 2355 1117 2420; x_wconf 91' lang='lat' dir='ltr'>dominos</span> <span class='ocrx_word' id='word_1_168' title='bbox 1140 2355 1311 2438; x_wconf 86' lang='lat' dir='ltr'>praelatos,</span> <span class='ocrx_word' id='word_1_169' title='bbox 1337 2361 1375 2419; x_wconf 92' lang='lat' dir='ltr'>ut</span> <span class='ocrx_word' id='word_1_170' title='bbox 1399 2355 1433 2420; x_wconf 92' lang='lat' dir='ltr'>in</span> 
     </span>
     <span class='ocr_line' id='line_1_22' title="bbox 248 2443 1433 2528; baseline -0.001 -19"><span class='ocrx_word' id='word_1_171' title='bbox 248 2453 386 2528; x_wconf 87' lang='lat' dir='ltr'>utroque</span> <span class='ocrx_word' id='word_1_172' title='bbox 414 2467 482 2510; x_wconf 88' lang='lat' dir='ltr'>sese</span> <span class='ocrx_word' id='word_1_173' title='bbox 515 2445 757 2510; x_wconf 86' lang='lat' dir='ltr'>accommodent</span> <span class='ocrx_word' id='word_1_174' title='bbox 790 2443 977 2508; x_wconf 82' lang='lat' dir='ltr'>Tridentini</span> <span class='ocrx_word' id='word_1_175' title='bbox 1009 2451 1042 2508; x_wconf 91' lang='lat' dir='ltr'>et</span> <span class='ocrx_word' id='word_1_176' title='bbox 1074 2466 1240 2510; x_wconf 87' lang='lat' dir='ltr'>sacrorum</span> <span class='ocrx_word' id='word_1_177' title='bbox 1272 2466 1433 2510; x_wconf 88' lang='lat' dir='ltr'>canonum</span> 
     </span>
     <span class='ocr_line' id='line_1_23' title="bbox 247 2534 1433 2618; baseline 0 -20"><span class='ocrx_word' id='word_1_178' title='bbox 247 2535 393 2599; x_wconf 90' lang='lat' dir='ltr'>decretis.</span> <span class='ocrx_word' id='word_1_179' title='bbox 418 2535 473 2599; x_wconf 85' lang='lat' dir='ltr'>Ita</span> <span class='ocrx_word' id='word_1_180' title='bbox 488 2535 648 2618; x_wconf 86' lang='lat' dir='ltr'>praecipit</span> <span class='ocrx_word' id='word_1_181' title='bbox 672 2535 812 2618; x_wconf 87' lang='lat' dir='ltr'>synodus</span> <span class='ocrx_word' id='word_1_182' title='bbox 835 2534 1043 2617; x_wconf 89' lang='lat' dir='ltr'>provincialis</span> <span class='ocrx_word' id='word_1_183' title='bbox 1067 2535 1233 2600; x_wconf 89' lang='lat' dir='ltr'>celebrata</span> <span class='ocrx_word' id='word_1_184' title='bbox 1257 2534 1433 2599; x_wconf 83' lang='lat' dir='ltr'>Tirnariae</span> 
     </span>
     <span class='ocr_line' id='line_1_24' title="bbox 246 2622 1433 2708; baseline -0.002 -18"><span class='ocrx_word' id='word_1_185' title='bbox 246 2648 265 2690; x_wconf 88' lang='lat' dir='ltr'>a</span> <span class='ocrx_word' id='word_1_186' title='bbox 301 2630 497 2708; x_wconf 83' lang='lat' dir='ltr'>1611..cap.</span> <span class='ocrx_word' id='word_1_187' title='bbox 530 2625 557 2690; x_wconf 91' lang='lat' dir='ltr'>I.</span> <span class='ocrx_word' id='word_1_188' title='bbox 592 2631 619 2689; x_wconf 93' lang='grc'>1.</span> <span class='ocrx_word' id='word_1_189' title='bbox 643 2638 681 2708; x_wconf 87' lang='lat' dir='ltr'>p0</span> <span class='ocrx_word' id='word_1_190' title='bbox 710 2630 748 2687; x_wconf 91' lang='lat' dir='ltr'>ut</span> <span class='ocrx_word' id='word_1_191' title='bbox 781 2645 891 2688; x_wconf 90' lang='lat' dir='ltr'>omnes</span> <span class='ocrx_word' id='word_1_192' title='bbox 930 2624 1053 2688; x_wconf 92' lang='lat' dir='ltr'>domini</span> <span class='ocrx_word' id='word_1_193' title='bbox 1090 2623 1230 2706; x_wconf 91' lang='lat' dir='ltr'>praelati</span> <span class='ocrx_word' id='word_1_194' title='bbox 1265 2622 1433 2707; x_wconf 88' lang='lat' dir='ltr'>Ungariae</span> 
     </span>
     <span class='ocr_line' id='line_1_25' title="bbox 246 2712 1432 2798; baseline 0 -21"><span class='ocrx_word' id='word_1_195' title='bbox 246 2715 350 2797; x_wconf 90' lang='lat' dir='ltr'>primo</span> <span class='ocrx_word' id='word_1_196' title='bbox 375 2735 504 2798; x_wconf 88' lang='lat' dir='ltr'>quoque</span> <span class='ocrx_word' id='word_1_197' title='bbox 533 2721 677 2797; x_wconf 88' lang='lat' dir='ltr'>tempore</span> <span class='ocrx_word' id='word_1_198' title='bbox 700 2712 956 2778; x_wconf 87' lang='lat' dir='ltr'>confirmationis</span> <span class='ocrx_word' id='word_1_199' title='bbox 981 2720 1013 2777; x_wconf 89' lang='lat' dir='ltr'>et</span> <span class='ocrx_word' id='word_1_200' title='bbox 1037 2713 1287 2779; x_wconf 88' lang='lat' dir='ltr'>consecrationis</span> <span class='ocrx_word' id='word_1_201' title='bbox 1311 2713 1432 2777; x_wconf 89' lang='lat' dir='ltr'>benefi-</span> 
     </span>
     <span class='ocr_line' id='line_1_26' title="bbox 247 2803 1432 2886; baseline 0 -18"><span class='ocrx_word' id='word_1_202' title='bbox 247 2804 334 2868; x_wconf 90' lang='lat' dir='ltr'>cium</span> <span class='ocrx_word' id='word_1_203' title='bbox 365 2803 546 2884; x_wconf 82' lang='lat' dir='ltr'>obtineant,</span> <span class='ocrx_word' id='word_1_204' title='bbox 577 2825 733 2868; x_wconf 89' lang='lat' dir='ltr'>memores</span> <span class='ocrx_word' id='word_1_205' title='bbox 766 2803 954 2867; x_wconf 80' lang='lat' dir='ltr'>Tridentini</span> <span class='ocrx_word' id='word_1_206' title='bbox 987 2824 1059 2867; x_wconf 82' lang='lat' dir='ltr'>sess</span> <span class='ocrx_word' id='word_1_207' title='bbox 1094 2808 1144 2867; x_wconf 74' lang='lat'>23.</span> <span class='ocrx_word' id='word_1_208' title='bbox 1170 2825 1238 2886; x_wconf 88' lang='lat' dir='ltr'>cap.</span> <span class='ocrx_word' id='word_1_209' title='bbox 1266 2809 1293 2867; x_wconf 89' lang='lat'>3.</span> <span class='ocrx_word' id='word_1_210' title='bbox 1319 2803 1358 2867; x_wconf 92' lang='lat' dir='ltr'>de</span> <span class='ocrx_word' id='word_1_211' title='bbox 1382 2825 1432 2868; x_wconf 88' lang='lat' dir='ltr'>re-</span> 
     </span>
     <span class='ocr_line' id='line_1_27' title="bbox 247 2891 449 2958; baseline 0.01 -2"><span class='ocrx_word' id='word_1_212' title='bbox 247 2891 449 2958; x_wconf 87' lang='lat' dir='ltr'>formatione.</span> 
     </span>
    </p>

    <p class='ocr_par' dir='ltr' id='par_1_5' title="bbox 247 2981 1437 3602">
     <span class='ocr_line' id='line_1_28' title="bbox 355 2981 1437 3066; baseline 0 -20"><span class='ocrx_word' id='word_1_213' title='bbox 355 2982 532 3048; x_wconf 86' lang='lat' dir='ltr'>Praeterea</span> <span class='ocrx_word' id='word_1_214' title='bbox 549 2982 739 3046; x_wconf 89' lang='lat' dir='ltr'>dioecesana</span> <span class='ocrx_word' id='word_1_215' title='bbox 755 2981 896 3064; x_wconf 87' lang='lat' dir='ltr'>synodus</span> <span class='ocrx_word' id='word_1_216' title='bbox 916 2984 1187 3066; x_wconf 89' lang='lat' dir='ltr'>metropolitanae</span> <span class='ocrx_word' id='word_1_217' title='bbox 1202 2982 1437 3065; x_wconf 72' lang='lat' dir='ltr'>strigoniensis</span> 
     </span>
     <span class='ocr_line' id='line_1_29' title="bbox 248 3070 1437 3154; baseline 0.002 -20"><span class='ocrx_word' id='word_1_218' title='bbox 248 3072 400 3136; x_wconf 86' lang='lat' dir='ltr'>ecclesiae</span> <span class='ocrx_word' id='word_1_219' title='bbox 426 3072 591 3136; x_wconf 87' lang='lat' dir='ltr'>celebrata</span> <span class='ocrx_word' id='word_1_220' title='bbox 614 3093 699 3135; x_wconf 91' lang='lat' dir='ltr'>anno</span> <span class='ocrx_word' id='word_1_221' title='bbox 719 3076 812 3135; x_wconf 80' lang='grc'><strong>1629.</strong></span> <span class='ocrx_word' id='word_1_222' title='bbox 830 3091 898 3153; x_wconf 88' lang='lat' dir='ltr'>cap.</span> <span class='ocrx_word' id='word_1_223' title='bbox 915 3070 983 3135; x_wconf 94' lang='lat' dir='ltr'>III.</span> <span class='ocrx_word' id='word_1_224' title='bbox 1000 3085 1039 3135; x_wconf 92' lang='lat' dir='ltr'>n0</span> <span class='ocrx_word' id='word_1_225' title='bbox 1059 3077 1088 3136; x_wconf 88' lang='lat'>4.</span> <span class='ocrx_word' id='word_1_226' title='bbox 1107 3072 1193 3136; x_wconf 89' lang='lat' dir='ltr'>idem</span> <span class='ocrx_word' id='word_1_227' title='bbox 1210 3072 1355 3136; x_wconf 86' lang='lat' dir='ltr'>inculcat</span> <span class='ocrx_word' id='word_1_228' title='bbox 1372 3073 1437 3154; x_wconf 93' lang='lat' dir='ltr'>epi·</span> 
     </span>
     <span class='ocr_line' id='line_1_30' title="bbox 247 3159 1437 3244; baseline 0.001 -20"><span class='ocrx_word' id='word_1_229' title='bbox 247 3162 350 3244; x_wconf 90' lang='lat' dir='ltr'>scopis</span> <span class='ocrx_word' id='word_1_230' title='bbox 374 3161 532 3226; x_wconf 85' lang='lat' dir='ltr'>beneficia</span> <span class='ocrx_word' id='word_1_231' title='bbox 560 3161 758 3226; x_wconf 89' lang='lat' dir='ltr'>habentibus</span> <span class='ocrx_word' id='word_1_232' title='bbox 783 3161 816 3224; x_wconf 92' lang='lat' dir='ltr'>in</span> <span class='ocrx_word' id='word_1_233' title='bbox 841 3161 979 3225; x_wconf 90' lang='lat' dir='ltr'>dioecesi</span> <span class='ocrx_word' id='word_1_234' title='bbox 1002 3161 1068 3240; x_wconf 87' lang='lat' dir='ltr'>illa,</span> <span class='ocrx_word' id='word_1_235' title='bbox 1094 3163 1223 3226; x_wconf 92' lang='lat' dir='ltr'>concilii</span> <span class='ocrx_word' id='word_1_236' title='bbox 1248 3159 1437 3226; x_wconf 78' lang='lat' dir='ltr'>Tridentini</span> 
     </span>
     <span class='ocr_line' id='line_1_31' title="bbox 247 3249 1437 3334; baseline 0.002 -22"><span class='ocrx_word' id='word_1_237' title='bbox 247 3251 347 3314; x_wconf 85' lang='lat' dir='ltr'>verba</span> <span class='ocrx_word' id='word_1_238' title='bbox 364 3251 542 3315; x_wconf 85' lang='lat' dir='ltr'>referendo.</span> <span class='ocrx_word' id='word_1_239' title='bbox 570 3249 686 3334; x_wconf 77' lang='lat' dir='ltr'>»Quod</span> <span class='ocrx_word' id='word_1_240' title='bbox 702 3252 730 3314; x_wconf 91' lang='lat' dir='ltr'>si</span> <span class='ocrx_word' id='word_1_241' title='bbox 746 3273 864 3314; x_wconf 92' lang='lat' dir='ltr'>munus</span> <span class='ocrx_word' id='word_1_242' title='bbox 888 3251 1139 3316; x_wconf 88' lang='lat' dir='ltr'>consecrationis</span> <span class='ocrx_word' id='word_1_243' title='bbox 1158 3253 1248 3316; x_wconf 88' lang='lat' dir='ltr'>intra</span> <span class='ocrx_word' id='word_1_244' title='bbox 1265 3259 1331 3315; x_wconf 89' lang='lat' dir='ltr'>tres</span> <span class='ocrx_word' id='word_1_245' title='bbox 1348 3271 1437 3315; x_wconf 88' lang='lat' dir='ltr'>men-</span> 
     </span>
     <span class='ocr_line' id='line_1_32' title="bbox 248 3340 1436 3424; baseline 0 -20"><span class='ocrx_word' id='word_1_246' title='bbox 248 3361 297 3404; x_wconf 85' lang='lat' dir='ltr'>ses</span> <span class='ocrx_word' id='word_1_247' title='bbox 330 3362 393 3407; x_wconf 91' lang='lat' dir='ltr'>non</span> <span class='ocrx_word' id='word_1_248' title='bbox 427 3341 637 3424; x_wconf 87' lang='lat' dir='ltr'>susceperint,</span> <span class='ocrx_word' id='word_1_249' title='bbox 670 3341 712 3404; x_wconf 91' lang='lat' dir='ltr'>ad</span> <span class='ocrx_word' id='word_1_250' title='bbox 745 3340 914 3404; x_wconf 84' lang='lat' dir='ltr'>fructuum</span> <span class='ocrx_word' id='word_1_251' title='bbox 939 3347 1167 3424; x_wconf 88' lang='lat' dir='ltr'>perceptorum</span> <span class='ocrx_word' id='word_1_252' title='bbox 1193 3340 1436 3406; x_wconf 88' lang='lat' dir='ltr'>restitutionem</span> 
     </span>
     <span class='ocr_line' id='line_1_33' title="bbox 248 3428 1436 3513; baseline 0.002 -21"><span class='ocrx_word' id='word_1_253' title='bbox 248 3435 411 3494; x_wconf 90' lang='lat' dir='ltr'>tenentur.</span> <span class='ocrx_word' id='word_1_254' title='bbox 436 3428 472 3494; x_wconf 85' lang='lat' dir='ltr'>Si</span> <span class='ocrx_word' id='word_1_255' title='bbox 496 3431 585 3495; x_wconf 89' lang='lat' dir='ltr'>intra</span> <span class='ocrx_word' id='word_1_256' title='bbox 609 3431 746 3495; x_wconf 90' lang='lat' dir='ltr'>totidem</span> <span class='ocrx_word' id='word_1_257' title='bbox 770 3451 893 3494; x_wconf 88' lang='lat' dir='ltr'>menses</span> <span class='ocrx_word' id='word_1_258' title='bbox 913 3437 1025 3512; x_wconf 88' lang='lat' dir='ltr'>postca</span> <span class='ocrx_word' id='word_1_259' title='bbox 1039 3431 1076 3494; x_wconf 91' lang='lat' dir='ltr'>id</span> <span class='ocrx_word' id='word_1_260' title='bbox 1093 3430 1199 3496; x_wconf 82' lang='lat' dir='ltr'>facere</span> <span class='ocrx_word' id='word_1_261' title='bbox 1224 3431 1436 3513; x_wconf 83' lang='lat' dir='ltr'>neglexerint,</span> 
     </span>
     <span class='ocr_line' id='line_1_34' title="bbox 248 3519 838 3602; baseline 0.002 -20"><span class='ocrx_word' id='word_1_262' title='bbox 248 3520 390 3584; x_wconf 90' lang='lat' dir='ltr'>ecclesiis</span> <span class='ocrx_word' id='word_1_263' title='bbox 414 3521 483 3602; x_wconf 89' lang='lat' dir='ltr'>ipso</span> <span class='ocrx_word' id='word_1_264' title='bbox 506 3521 578 3602; x_wconf 85' lang='lat' dir='ltr'>jure</span> <span class='ocrx_word' id='word_1_265' title='bbox 602 3521 669 3584; x_wconf 90' lang='lat' dir='ltr'>sint</span> <span class='ocrx_word' id='word_1_266' title='bbox 688 3519 838 3601; x_wconf 79' lang='lat' dir='ltr'>privati«</span> 
     </span>
    </p>

    <p class='ocr_par' dir='ltr' id='par_1_6' title="bbox 248 3607 1436 3960">
     <span class='ocr_line' id='line_1_35' title="bbox 357 3607 1435 3692; baseline 0.001 -20"><span class='ocrx_word' id='word_1_267' title='bbox 357 3614 394 3672; x_wconf 69' lang='lat' dir='ltr'>pa</span> <span class='ocrx_word' id='word_1_268' title='bbox 414 3608 450 3675; x_wconf 83' lang='lat' dir='ltr'>si</span> <span class='ocrx_word' id='word_1_269' title='bbox 474 3611 530 3692; x_wconf 91' lang='lat' dir='ltr'>qui</span> <span class='ocrx_word' id='word_1_270' title='bbox 555 3610 738 3674; x_wconf 87' lang='lat' dir='ltr'>abutantur</span> <span class='ocrx_word' id='word_1_271' title='bbox 757 3607 922 3673; x_wconf 90' lang='lat' dir='ltr'>beneficiis</span> <span class='ocrx_word' id='word_1_272' title='bbox 939 3608 1133 3691; x_wconf 88' lang='lat' dir='ltr'>apostolicis,</span> <span class='ocrx_word' id='word_1_273' title='bbox 1158 3615 1272 3673; x_wconf 90' lang='lat' dir='ltr'>notum</span> <span class='ocrx_word' id='word_1_274' title='bbox 1288 3615 1337 3674; x_wconf 88' lang='lat' dir='ltr'>est</span> <span class='ocrx_word' id='word_1_275' title='bbox 1353 3609 1435 3674; x_wconf 90' lang='lat' dir='ltr'>illud</span> 
     </span>
     <span class='ocr_line' id='line_1_36' title="bbox 249 3698 1436 3782; baseline 0.003 -22"><span class='ocrx_word' id='word_1_276' title='bbox 249 3699 347 3781; x_wconf 84' lang='lat' dir='ltr'>juris:</span> <span class='ocrx_word' id='word_1_277' title='bbox 373 3699 469 3781; x_wconf 90' lang='lat' dir='ltr'>culpa</span> <span class='ocrx_word' id='word_1_278' title='bbox 493 3721 566 3764; x_wconf 91' lang='lat' dir='ltr'>suos</span> <span class='ocrx_word' id='word_1_279' title='bbox 591 3698 709 3763; x_wconf 88' lang='lat' dir='ltr'>debere</span> <span class='ocrx_word' id='word_1_280' title='bbox 733 3705 848 3778; x_wconf 40' lang='lat' dir='ltr'>tenere,</span> <span class='ocrx_word' id='word_1_281' title='bbox 870 3704 1019 3762; x_wconf 90' lang='lat' dir='ltr'>auctores</span> <span class='ocrx_word' id='word_1_282' title='bbox 1043 3719 1111 3781; x_wconf 92' lang='lat' dir='ltr'>cap.</span> <span class='ocrx_word' id='word_1_283' title='bbox 1137 3703 1165 3762; x_wconf 77' lang='lat'>2.</span> <span class='ocrx_word' id='word_1_284' title='bbox 1191 3720 1274 3782; x_wconf 90' lang='lat' dir='ltr'>quae</span> <span class='ocrx_word' id='word_1_285' title='bbox 1294 3700 1379 3763; x_wconf 92' lang='lat' dir='ltr'>sicut</span> <span class='ocrx_word' id='word_1_286' title='bbox 1396 3699 1436 3763; x_wconf 91' lang='lat' dir='ltr'>de</span> 
     </span>
     <span class='ocr_line' id='line_1_37' title="bbox 248 3785 1435 3871; baseline 0.002 -20"><span class='ocrx_word' id='word_1_287' title='bbox 248 3788 288 3852; x_wconf 89' lang='lat' dir='ltr'>iis</span> <span class='ocrx_word' id='word_1_288' title='bbox 313 3810 395 3870; x_wconf 87' lang='lat' dir='ltr'>quac</span> <span class='ocrx_word' id='word_1_289' title='bbox 419 3788 503 3852; x_wconf 91' lang='lat' dir='ltr'>fiunt</span> <span class='ocrx_word' id='word_1_290' title='bbox 520 3811 539 3852; x_wconf 92' lang='lat' dir='ltr'>a</span> <span class='ocrx_word' id='word_1_291' title='bbox 557 3788 672 3852; x_wconf 87' lang='lat' dir='ltr'>maiori</span> <span class='ocrx_word' id='word_1_292' title='bbox 696 3794 790 3870; x_wconf 87' lang='lat' dir='ltr'>parte</span> <span class='ocrx_word' id='word_1_293' title='bbox 813 3788 959 3870; x_wconf 90' lang='lat' dir='ltr'>capituli.</span> <span class='ocrx_word' id='word_1_294' title='bbox 984 3785 1049 3870; x_wconf 78' lang='lat' dir='ltr'>Qui</span> <span class='ocrx_word' id='word_1_295' title='bbox 1072 3789 1120 3852; x_wconf 88' lang='lat' dir='ltr'>rei</span> <span class='ocrx_word' id='word_1_296' title='bbox 1144 3795 1221 3852; x_wconf 91' lang='lat' dir='ltr'>sunt</span> <span class='ocrx_word' id='word_1_297' title='bbox 1244 3789 1435 3871; x_wconf 86' lang='lat' dir='ltr'>puniantur.</span> 
     </span>
     <span class='ocr_line' id='line_1_38' title="bbox 248 3877 1436 3960; baseline 0.001 -20"><span class='ocrx_word' id='word_1_298' title='bbox 248 3877 376 3941; x_wconf 91' lang='lat' dir='ltr'>Deinde</span> <span class='ocrx_word' id='word_1_299' title='bbox 401 3878 558 3941; x_wconf 91' lang='lat' dir='ltr'>delictum</span> <span class='ocrx_word' id='word_1_300' title='bbox 583 3899 738 3960; x_wconf 88' lang='lat' dir='ltr'>personae</span> <span class='ocrx_word' id='word_1_301' title='bbox 764 3900 828 3941; x_wconf 88' lang='lat' dir='ltr'>non</span> <span class='ocrx_word' id='word_1_302' title='bbox 853 3877 951 3942; x_wconf 90' lang='lat' dir='ltr'>debet</span> <span class='ocrx_word' id='word_1_303' title='bbox 974 3877 1007 3940; x_wconf 91' lang='lat' dir='ltr'>in</span> <span class='ocrx_word' id='word_1_304' title='bbox 1032 3877 1266 3942; x_wconf 90' lang='lat' dir='ltr'>detrimentum</span> <span class='ocrx_word' id='word_1_305' title='bbox 1283 3879 1436 3943; x_wconf 88' lang='lat' dir='ltr'>ecclesiae</span> 
     </span>
    </p>
   </div>
   <div class='ocr_carea' id='block_1_3' title="bbox 248 3965 1434 4137">
    <p class='ocr_par' dir='ltr' id='par_1_7' title="bbox 248 3965 1434 4137">
     <span class='ocr_line' id='line_1_39' title="bbox 248 3965 1434 4137; baseline 0.003 -109"><span class='ocrx_word' id='word_1_306' title='bbox 248 3966 440 4137; x_wconf 51' lang='lat' dir='ltr'>ppdundprp),</span> <span class='ocrx_word' id='word_1_307' title='bbox 474 3973 511 4030; x_wconf 93' lang='lat' dir='ltr'>ut</span> <span class='ocrx_word' id='word_1_308' title='bbox 542 3969 690 4049; x_wconf 89' lang='lat' dir='ltr'>loquitur</span> <span class='ocrx_word' id='word_1_309' title='bbox 719 3967 908 4031; x_wconf 82' lang='lat' dir='ltr'>Bonifacius</span> <span class='ocrx_word' id='word_1_310' title='bbox 933 3965 1034 4032; x_wconf 91' lang='lat' dir='ltr'>VIII.</span> <span class='ocrx_word' id='word_1_311' title='bbox 1065 3968 1148 4049; x_wconf 87' lang='lat' dir='ltr'>juris</span> <span class='ocrx_word' id='word_1_312' title='bbox 1173 3968 1321 4032; x_wconf 89' lang='lat' dir='ltr'>canonici</span> <span class='ocrx_word' id='word_1_313' title='bbox 1354 3968 1434 4050; x_wconf 82' lang='lat' dir='ltr'>Reg.</span> 
     </span>
     <span class='ocr_line' id='line_1_40' title="bbox 295 4078 404 4119; baseline -0.009 0"><span class='ocrx_word' id='word_1_314' title='bbox 295 4078 355 4119; x_wconf 79' lang='lat' dir='ltr'>,m</span> <span class='ocrx_word' id='word_1_315' title='bbox 398 4105 404 4118; x_wconf 91' lang='lat'>.</span> 
     </span>
    </p>
   </div>
   <div class='ocr_carea' id='block_1_4' title="bbox 250 4196 1435 4330">
    <p class='ocr_par' dir='ltr' id='par_1_8' title="bbox 250 4196 1435 4330">
     <span class='ocr_line' id='line_1_41' title="bbox 357 4196 1435 4265; baseline 0 -17"><span class='ocrx_word' id='word_1_316' title='bbox 357 4200 392 4258; x_wconf 79' lang='lat' dir='ltr'>(A</span> <span class='ocrx_word' id='word_1_317' title='bbox 421 4200 606 4263; x_wconf 79' lang='lat' dir='ltr'>congregatio</span> <span class='ocrx_word' id='word_1_318' title='bbox 637 4196 840 4250; x_wconf 81' lang='lat' dir='ltr'>Oonsistorialis</span> <span class='ocrx_word' id='word_1_319' title='bbox 871 4198 1070 4251; x_wconf 75' lang='lat' dir='ltr'>leveltdraban.</span> <span class='ocrx_word' id='word_1_320' title='bbox 1103 4201 1174 4249; x_wconf 83' lang='lat' dir='ltr'>Actu</span> <span class='ocrx_word' id='word_1_321' title='bbox 1207 4197 1435 4265; x_wconf 76' lang='lat' dir='ltr'>congregationis</span> 
     </span>
     <span class='ocr_line' id='line_1_42' title="bbox 250 4267 675 4330; baseline -0.005 -11"><span class='ocrx_word' id='word_1_322' title='bbox 250 4267 446 4321; x_wconf 78' lang='lat' dir='ltr'>consistorialis</span> <span class='ocrx_word' id='word_1_323' title='bbox 468 4271 555 4330; x_wconf 88' lang='grc'>1696.)</span> <span class='ocrx_word' id='word_1_324' title='bbox 669 4267 675 4286; x_wconf 77' lang='grc'><strong>“</strong></span> 
     </span>
    </p>
   </div>
   <div class='ocr_carea' id='block_1_5' title="bbox 249 4453 1433 4603">
    <p class='ocr_par' dir='ltr' id='par_1_9' title="bbox 249 4453 1433 4603">
     <span class='ocr_line' id='line_1_43' title="bbox 360 4453 1433 4529; baseline 0 -13"><span class='ocrx_word' id='word_1_325' title='bbox 360 4468 378 4528; x_wconf 88' lang='lat'>¹)</span> <span class='ocrx_word' id='word_1_326' title='bbox 399 4470 471 4516; x_wconf 83' lang='lat' dir='ltr'>Ezen</span> <span class='ocrx_word' id='word_1_327' title='bbox 490 4465 639 4517; x_wconf 83' lang='lat' dir='ltr'>emle&#39;kirat</span> <span class='ocrx_word' id='word_1_328' title='bbox 661 4469 798 4516; x_wconf 82' lang='lat' dir='ltr'>1696-ban</span> <span class='ocrx_word' id='word_1_329' title='bbox 818 4463 894 4529; x_wconf 82' lang='lat' dir='ltr'>djbdl</span> <span class='ocrx_word' id='word_1_330' title='bbox 915 4453 1155 4516; x_wconf 70' lang='lat' dir='ltr'>felhaszndltatott</span> <span class='ocrx_word' id='word_1_331' title='bbox 1167 4481 1179 4516; x_wconf 84' lang='lat' dir='ltr'>s</span> <span class='ocrx_word' id='word_1_332' title='bbox 1193 4465 1338 4516; x_wconf 77' lang='lat' dir='ltr'>Rdmabsn</span> <span class='ocrx_word' id='word_1_333' title='bbox 1355 4465 1433 4516; x_wconf 83' lang='lat' dir='ltr'>hiva-</span> 
     </span>
     <span class='ocr_line' id='line_1_44' title="bbox 249 4534 950 4603; baseline 0 -16"><span class='ocrx_word' id='word_1_334' title='bbox 249 4538 320 4588; x_wconf 80' lang='lat' dir='ltr'>tslos</span> <span class='ocrx_word' id='word_1_335' title='bbox 339 4538 516 4589; x_wconf 73' lang='lat' dir='ltr'>haszndlatra</span> <span class='ocrx_word' id='word_1_336' title='bbox 535 4538 735 4589; x_wconf 72' lang='lat' dir='ltr'>valtozatlauul</span> <span class='ocrx_word' id='word_1_337' title='bbox 754 4534 950 4603; x_wconf 85' lang='lat' dir='ltr'>kinyomatott.</span> 
     </span>
    </p>
   </div>
   <div class='ocr_carea' id='block_1_6' title="bbox 0 0 1740 5494">
    <p class='ocr_par' dir='ltr' id='par_1_10' title="bbox 0 0 1740 5494">
     <span class='ocr_line' id='line_1_45' title="bbox 0 0 1740 5494; baseline 0 0"><span class='ocrx_word' id='word_1_338' title='bbox 0 0 1740 5494; x_wconf 95' lang='lat' dir='ltr'> </span> 
     </span>
    </p>
   </div>
  </div>
 </body>
</html>
