3454 5492
437 479 455 518 6
479 478 599 518 usaria
622 479 681 518 nra.
702 479 834 524 6666666
857 480 909 520 roe
934 468 1160 522 ronrrnnrnnz.
1345 463 1384 526 73

204 678 283 734 mus,
308 655 510 737 presencium
534 676 591 737 per
615 655 765 737 vigorem.
790 653 952 737 Quocirca
968 675 1021 718 ros
1036 656 1202 737 prefatum
1219 656 1385 722 dominum

204 745 377 812 Nicolaum
410 746 549 810 electum
582 745 668 809 dicte
700 746 831 809 ecclesie
856 745 1084 810 Transsilvane
1107 747 1313 828 presentibus
1336 768 1387 811 re-

205 837 365 919 quirimus
389 841 422 898 et
445 835 625 916 hortamur,
658 835 813 918 vobisque
838 858 878 900 66
901 835 1021 899 vicario
1045 842 1151 900 vestro
1174 837 1209 900 in
1232 837 1386 920 spiritua-

203 928 289 992 libus
307 968 309 973 ·
328 926 472 1009 generali
511 927 592 988 serie
631 927 833 1007 presencium
872 923 1054 990 firmissime
1089 928 1321 992 committimus
1354 934 1386 992 et

204 1017 404 1095 mandamus,
444 1020 605 1099 quatenus
644 1014 722 1080 dum
761 1019 794 1080 et
826 1015 956 1098 quando
994 1016 1126 1098 aliquod
1164 1019 1386 1100 predictorum

204 1106 434 1172 beneficiorum
458 1127 514 1170 seu
538 1105 747 1187 dignitatum,
779 1127 837 1188 per
861 1126 921 1170 nos
942 1106 1135 1187 collacione,
1158 1114 1196 1172 ut
1223 1110 1387 1190 premitti-

205 1205 269 1278 tur,
293 1201 403 1261 nostre
421 1196 551 1278 proprie
570 1196 643 1262 istic
662 1197 696 1259 in
713 1195 847 1260 ecclesia
862 1194 1002 1261 Albensi
1020 1195 1260 1262 Transsilvanie
1285 1219 1386 1263 reser-

204 1293 362 1368 vatorum‚
387 1308 461 1350 cum
485 1285 679 1352 canonicatu
698 1292 731 1352 66
746 1287 921 1369 prebenda,
940 1287 1103 1370 primitus,
1118 1293 1156 1352 ut
1174 1287 1386 1371 premisimus,

203 1385 277 1463 post
309 1378 426 1440 harum
460 1377 708 1457 emanacionem‚
742 1397 856 1442 vacare
889 1377 1073 1459 contigerit,
1106 1378 1145 1442 de
1178 1399 1241 1461 quc
1264 1379 1388 1444 scilicet

202 1469 351 1552 prelatus
381 1469 540 1548 magister
571 1467 777 1547 Franciseus‚
809 1489 866 1550 per
899 1489 940 1547 se,
974 1469 1024 1532 vel
1054 1489 1112 1551 per
1142 1476 1388 1551 procuratorem

204 1581 300 1624 suum
332 1557 523 1640 legitimum,
556 1579 614 1640 per
636 1577 691 1640 ros
720 1557 856 1640 pecierit
879 1558 941 1622 sibi
964 1558 1136 1640 provideri,
1170 1566 1290 1625 extunc
1313 1581 1388 1624 con-

205 1651 307 1730 tinuo,
330 1648 484 1731 nulloque
507 1647 570 1712 alio
594 1647 749 1712 mandato
773 1647 838 1712 sive
855 1649 1069 1730 requisicione
1085 1656 1198 1713 nostra
1214 1651 1387 1733 superinde

204 1743 384 1822 expectata,
416 1737 601 1802 huiusmodi
626 1738 830 1820 dignitatem,
854 1738 1130 1820 jurispatronatus
1156 1741 1388 1823 ordinariaque

205 1835 313 1894 vestra
336 1827 600 1909 auctoritatibus,
624 1828 719 1911 pleno
742 1829 814 1910 jure
837 1829 984 1892 conferre
1008 1849 1045 1892 66
1069 1829 1109 1892 de
1141 1829 1260 1896 eisdem
1284 1831 1388 1894 eidem

205 1921 334 1985 omnino
351 1926 384 1983 et
400 1919 522 2000 absque
539 1919 607 1982 ulla
621 1918 780 1982 dilacione
803 1919 985 2000 providera-
1002 1919 1172 2002 ipsumque
1189 1927 1248 1984 aut
1263 1921 1389 1985 dictum

203 2033 299 2077 suum
322 2015 566 2092 procuratorem
590 2009 775 2092 legitimum
799 2009 869 2073 eius
892 2009 1029 2089 nomine,
1047 2015 1079 2072 et
1093 2011 1255 2076 neminem
1278 2011 1388 2092 alium,

204 2102 238 2166 in
272 2101 391 2178 eisdem
424 2099 576 2164 canonice
608 2098 782 2164 instituere
816 2104 848 2162 et
881 2097 1071 2164 confirmare
1104 2100 1206 2166 modis
1238 2099 1388 2166 omnibus

205 2191 352 2256 debeatis
376 2196 409 2253 et
433 2189 617 2254 teneamini.
656 2187 743 2254 Aliis
773 2189 894 2253 litteris
917 2189 1037 2254 nostris
1061 2189 1178 2255 harum
1201 2191 1235 2255 in
1259 2198 1389 2256 contra-

203 2283 291 2346 rium
315 2281 457 2363 cuipiam
480 2279 540 2344 sub
566 2301 771 2363 quacumque
797 2279 904 2344 forma
927 2281 1100 2346 verborum
1123 2287 1156 2345 66
1179 2281 1388 2364 quibuscum-

204 2393 268 2454 que
292 2371 395 2435 modis
419 2377 452 2434 et
476 2371 630 2435 clausulis
654 2376 821 2454 utcunque
844 2391 901 2452 per
925 2391 982 2434 nos
1011 2371 1127 2435 dandis
1160 2393 1224 2435 non
1257 2373 1388 2438 obstan-

205 2462 294 2527 tibus
312 2461 580 2544 quibuscumque,
606 2461 725 2545 quibus
741 2460 890 2525 omnibus
906 2467 1071 2543 presentes
1086 2461 1225 2544 preferri
1241 2463 1389 2528 volumus

203 2559 239 2618 et
262 2571 390 2616 exnunc
415 2551 635 2632 decernimus3
660 2552 899 2616 committentes
917 2551 1129 2617 nihilominus
1144 2552 1389 2619 honorabilibus

205 2643 343 2708 dominis
376 2642 416 2706 de
449 2641 592 2724 capitulo
625 2642 768 2707 eiusdem
801 2642 932 2706 ecclesie
965 2648 996 2724 6.,
1026 2641 1144 2724 quibus
1169 2649 1201 2707 et
1225 2665 1282 2708 nos
1307 2645 1389 2709 serie

204 2733 408 2816 presencium
431 2730 613 2797 firmissime
636 2732 844 2815 iniungimus,
859 2739 897 2796 ut
921 2732 982 2814 ipsi
1005 2731 1170 2815 prefatum
1194 2735 1389 2816 magistrum

205 2824 426 2902 Franciscum
459 2827 519 2887 666
551 2822 676 2887 dictum
708 2828 953 2905 procuratorem
986 2843 1082 2887 suum
1113 2823 1296 2906 legitimum
1320 2825 1389 2890 eius

206 2916 343 2994 nomine,
367 2920 400 2977 et
424 2913 585 2976 neminem
610 2913 719 2994 alium,
744 2913 785 2977 ad
809 2912 994 2977 huiusmodi
1018 2913 1213 2995 dignitatem
1237 2922 1269 2978 et
1295 2936 1389 2979 cano-

205 3005 352 3068 nicatum
376 3009 409 3068 et
432 3002 630 3086 prebendam
656 3004 832 3067 admittere
855 3009 888 3066 et
910 3008 1090 3086 acceptare,
1106 3004 1304 3087 stallumque
1327 3006 1389 3070 sibi

204 3096 239 3158 in
263 3095 359 3158 choro
384 3099 416 3157 et
439 3114 548 3157 rocem
571 3100 604 3157 et
627 3093 734 3158 locum
757 3093 791 3156 in
816 3093 968 3176 capitulo,
992 3115 1066 3156 cunr
1082 3094 1169 3158 omni
1185 3095 1389 3177 plenitudine

204 3186 287 3268 juris
311 3183 467 3264 canonici,
490 3183 663 3265 assignare,
688 3184 727 3248 de
760 3183 919 3247 uniuersis
943 3184 1045 3247 eciam
1069 3183 1231 3251 fructibus
1244 3205 1389 3274 ‚proven-

205 3275 295 3339 tibus
328 3281 361 3338 et
394 3274 645 3339 obvencionibus
667 3273 860 3338 'eorundem
903 3273 1075 3356 dignitatis
1113 3279 1147 3338 et
1180 3277 1389 3340 canonicatus

206 3371 239 3428 et
262 3365 426 3448 prebende
450 3363 555 3428 eidem
577 3371 636 3428 aut
660 3364 748 3428 dicto
772 3386 828 3428 suc
852 3364 1058 3446 procuratori
1081 3363 1228 3446 legitimo
1260 3367 1389 3448 integre

206 3455 399 3538 respondere
424 3460 457 3518 et
479 3475 536 3536 per
561 3453 618 3518 hos
642 3475 780 3537 quorum
804 3455 942 3518 interest
958 3455 1006 3518 vel
1025 3453 1178 3520 intererit
1202 3457 1389 3539 responderi

204 3545 312 3610 facere
336 3545 476 3609 debeant
500 3549 533 3607 et
557 3549 742 3623 teneantur,
774 3543 851 3608 locis
885 3543 1004 3610 debitis
1029 3550 1061 3608 et
1085 3546 1285 3628 temporibus
1308 3568 1389 3610 sem-

205 3657 263 3718 per
286 3635 485 3718 opportunis.
509 3633 636 3698 Datum
659 3634 753 3698 Bude
776 3634 859 3698 feria
883 3635 987 3698 tercia
1008 3635 1156 3716 proxima
1180 3642 1253 3718 post
1270 3637 1389 3701 festum

206 3726 403 3790 visitacionis
426 3729 537 3788 sancte
561 3724 665 3788 crucis
689 3745 774 3788 anno
800 3730 859 3788 etc.
887 3728 980 3788 1503.

313 3884 355 3936 Aa
375 3883 435 3937 irat
455 3883 535 3937 erra:
556 3857 656 3937 Gracia
674 3882 865 3950 exspectativa
884 3881 1033 3952 dignitatis
1053 3886 1081 3936 et
1100 3883 1287 3937 canonicatus.

313 4025 420 4090 (Kassai
439 4026 609 4092 Fcrmulare,
629 4025 648 4079 f.
671 4025 752 4087 1671.)
