3458 5492
308 477 372 537 162
541 507 545 518 ·
804 482 991 536 1111111111
1034 488 1037 493 ’

306 669 452 748 turbare,
476 688 540 732 non
564 672 737 730 contentus
761 687 819 729 sua
844 673 931 730 sorte
954 673 1145 748 vestraeque
1170 667 1351 732 maiestatis
1376 667 1492 749 gratia,

307 764 422 822 contra
455 757 594 838 antiqua
625 757 718 838 regni
751 762 886 835 statuta,
920 755 1181 820 iurisdictionem
1213 777 1325 820 sacrae
1347 776 1492 834 coronae,

305 848 498 930 patriaeque
521 848 563 910 ab
588 846 663 908 olim
690 851 837 928 receptas
855 846 942 926 leges
959 851 992 908 et
1008 845 1282 926 consuetudinem,
1305 845 1493 928 postpositis

306 938 399 1020 'regni
432 935 607 999 ordinariis
639 956 763 1016 suoque
803 935 1053 1017 metropolitano
1091 935 1264 1014 iudicibus
1304 935 1346 999 ad
1384 936 1492 999 sedem

307 1026 519 1109 apostolicam
552 1025 709 1106 confugit,
734 1024 775 1088 ab
801 1043 903 1106 eaque
927 1023 1061 1088 subdole
1085 1045 1123 1088 11
1146 1045 1204 1106 per
1229 1025 1394 1107 quandam
1418 1046 1493 1106 sug-

307 1117 495 1198 gestionem,
515 1115 788 1196 dispensationem
809 1114 853 1178 ad
877 1113 1138 1196 quinquennium
1157 1116 1303 1195 extorsit,
1321 1121 1492 1197 praetacta

305 1205 511 1269 custodiatus
544 1210 577 1268 11
610 1204 820 1267 canonicatus
853 1202 1011 1267 beneficia
1043 1203 1207 1267 retinendi
1231 1209 1264 1268 et
1288 1203 1491 1286 possidendi;

305 1315 380 1358 cum
396 1301 505 1358 tamen
522 1299 654 1376 praeter
669 1293 929 1376 praeposituram
949 1292 1178 1357 Posoniensem
1195 1293 1316 1358 habeat
1332 1295 1397 1357 alia
1413 1314 1492 1376 quo-

305 1405 368 1466 que
385 1383 465 1448 satis
488 1384 596 1466 opima
618 1381 784 1461 beneficia,
809 1383 858 1446 uti
875 1381 1136 1464 praeposituram
1153 1381 1192 1446 de
1217 1382 1366 1464 Zalavar,
1391 1383 1491 1447 abba-

306 1475 387 1538 tiam
403 1474 444 1537 de
461 1472 652 1554 Kapernak,
670 1479 845 1554 utramque
861 1471 1045 1550 infulatam,
1069 1479 1239 1554 praeterea
1265 1474 1364 1536 etiam
1390 1495 1492 1536 unum

305 1570 506 1628 rectoratum
538 1562 681 1644 capellae
713 1563 818 1626 sancti
850 1560 999 1626 Iradislai
1028 1562 1124 1642 regis,
1158 1561 1289 1626 Posonii
1314 1562 1490 1640 fundatae,

305 1655 398 1716 cuius
421 1673 517 1734 porro
541 1652 791 1733 dispensationis
815 1652 925 1732 vigore
948 1670 1143 1734 possessores
1167 1651 1232 1714 iam
1248 1651 1492 1734 praedictorum

306 1741 546 1821 beneficiorum,
566 1741 738 1823 ipsumque
758 1740 1061 1804 reverendissimum
1080 1740 1375 1823 archiespiscopum
1398 1739 1491 1805 0111-

305 1851 450 1895 czensem
474 1831 508 1894 in
533 1837 740 1913 conspectum
763 1836 796 1893 et
821 1830 968 1894 tribunal
997 1829 1209 1894 illustrissimi
1234 1832 1343 1895 nuntii
1368 1831 1490 1909 citavit,

307 1922 363 2004 qui
379 1920 527 2000 fulmina,
545 1941 706 1998 censuras,
726 1920 1075 1985 excommunicationes
1091 1926 1124 1983 et
1140 1920 1174 1983 id
1194 1941 1296 2002 genus
1312 1941 1490 2002 poenarum

306 2010 572 2074 denuntiationes
597 2010 751 2073 minatur.

412 2100 565 2164 Fuerunt
588 2106 686 2163 11111
711 2119 840 2180 quoque
863 2099 1020 2178 nonnulli,
1037 2099 1216 2180 imperator
1231 2099 1489 2177 clementissime,

304 2197 381 2254 ante
392 2191 557 2268 ducentos,
567 2195 707 2268 centum,
718 2196 750 2252 et
764 2193 924 2266 aecanos,
937 2190 993 2271 qui
1004 2195 1119 2252 contra
1130 2188 1213 2251 hanc
1224 2189 1490 2271 augustissimam

304 2287 338 2342 et
361 2280 616 2344 vetustissimam
632 2278 897 2360 laudabilemque
913 2278 1107 2360 Hungariae
1126 2298 1241 2360 regum
1257 2285 1290 2340 et
1304 2277 1490 2360 principum

305 2369 548 2432 immunitatem
563 2375 596 2431 et
613 2369 882 2450 praerogativam,
901 2388 1013 2432 sacrae
1029 2366 1122 2449 regni
1139 2387 1275 2431 coronae
1292 2367 1490 2432 iurisdictio·

306 2479 388 2537 nem,
407 2459 617 2540 patriumque
636 2479 758 2521 morem
778 2463 811 2520 et
827 2457 1101 2535 consuetudinem,
1126 2456 1159 2519 in
1176 2457 1337 2521 similibus
1361 2457 1490 2521 casibus

305 2569 430 2612 summo
454 2554 575 2611 conatu
599 2546 811 2626 desudarunt,
836 2548 892 2628 qui
911 2552 1019 2610 tamen
1035 2546 1168 2628 regibus
1184 2552 1217 2610 et
1233 2547 1376 2610 statibus
1396 2548 1489 2628 regni

305 2637 461 2701 acerrime
486 2637 746 2700 exclamantibus
767 2641 800 2699 et
819 2636 1036 2715 obstantibus,
1060 2635 1142 2698 nihil
1166 2657 1311 2718 unquam
1335 2635 1490 2718 perficere

304 2728 535 2808 intentumque
568 2748 663 2790 suum
695 2726 888 2790 continuare
922 2732 1118 2808 potuerunt,
1155 2725 1234 2808 quin
1266 2726 1375 2808 potius
1408 2726 1490 2790 tales

305 2816 454 2880 omnibus
478 2815 593 2880 officiis
617 2821 650 2878 et
673 2810 838 2879 beneficiis
862 2817 962 2896 exuti,
983 2816 1032 2878 uti
1051 2816 1140 2897 pacis
1164 2821 1197 2878 et
1217 2815 1337 2897 quietis
1360 2821 1490 2896 pertur-

306 2906 445 2983 batores,
470 2905 706 2990 discordiarum
731 2905 817 2968 inter
840 2905 1003 2988 principes
1028 2912 1060 2968 11
1084 2905 1330 2970 contentionum
1353 2906 1489 2968 semina-

305 3002 402 3073 tores,
435 2996 544 3078 legum
577 3016 615 3059 ac
648 2995 917 3058 consvetudinum
952 2994 1080 3078 patriae
1116 2995 1289 3058 violatores
1322 3014 1490 3077 poenaque

305 3085 465 3167 generalis
499 3085 622 3148 decreti
654 3106 752 3166 super
786 3085 908 3148 talibus
941 3085 1124 3148 excessibus
1148 3090 1276 3148 1111111
1300 3085 1489 3166 gravissima

305 3175 439 3238 fuerunt
471 3175 589 3256 puniti,
623 3181 721 3256 prout
745 3173 785 3236 de
809 3175 869 3239 hac
893 3195 929 3237 re
952 3173 1131 3238 clarissima
1155 3179 1270 3236 extant
1294 3175 1488 3237 testimonia

304 3264 426 3345 ltaque
450 3283 576 3327 sacram
601 3283 785 3327 caesaream
805 3264 929 3345 regiam
945 3264 1150 3327 maiestatem
1167 3268 1315 3342 vestram,
1332 3263 1489 3344 adquam

303 3353 412 3434 legum
437 3353 584 3416 executio
619 3373 656 3416 11
689 3354 833 3416 omnium
867 3353 1075 3416 ecclesiarum
1108 3352 1252 3416 defensio
1286 3353 1488 3435 potissimum

304 3449 440 3526 spectat,
463 3463 526 3507 non
551 3442 774 3506 dubitavimus
797 3442 967 3506 humiliter
990 3463 1028 3506 ac
1052 3441 1188 3505 demisse
1212 3462 1270 3524 per
1303 3450 1489 3524 praesentes

304 3532 543 3614 requirendam,
567 3532 643 3596 licet
667 3534 733 3595 iam
752 3537 850 3596 11111
866 3552 924 3614 per
943 3532 1248 3596 reverendissimum
1265 3529 1489 3595 Goloczensem

304 3643 367 3685 non
401 3642 475 3685 raro
508 3621 611 3702 fuerit
647 3621 816 3703 requisita,
852 3628 1015 3703 qnatenus
1053 3621 1209 3702 dignetur
1248 3621 1288 3684 de
1325 3622 1489 3703 praesenti

303 3712 433 3793 negotio
466 3711 508 3774 ad
540 3711 751 3775 sanctitatem
784 3731 885 3790 suam,
918 3710 960 3774 ad
994 3732 1093 3794 quam
1126 3718 1159 3774 11
1198 3731 1255 3774 111
1293 3710 1489 3792 scripsimus,

304 3795 433 3864 litteras
468 3801 555 3880 dare,
587 3801 749 3884 praedicti
775 3800 917 3864 Thomas
943 3799 1080 3864 Balasffi
1105 3801 1245 3882 impetus
1269 3800 1489 3882 comprimere,

302 3890 556 3971 libertatemque
599 3897 632 3953 et
674 3890 845 3972 privilegia
888 3889 1037 3954 divorum
1083 3891 1250 3972 qnondam
1294 3890 1489 3972 Hungariae

303 4001 425 4062 regum,
460 4000 543 4061 quae
577 3978 758 4043 diminuere
792 4000 828 4042 ac
869 3979 1004 4043 turbare
1043 3979 1186 4058 molitur,
1225 3981 1351 4044 intacta
1390 3986 1489 4061 atque

303 4069 415 4132 illaesa
454 4089 652 4148 conservare,
686 4075 719 4132 et
760 4069 853 4133 iuxta
896 4070 1057 4133 maiorum
1100 4075 1285 4132 nostrorum
1327 4069 1420 4150 leges,
1455 4069 1489 4132 in

303 4158 510 4240 generalibus
534 4159 1037 4238 11111111111111111,11111111
1061 4158 1266 4240 disciplinam
1291 4159 1489 4240 reipublicae

304 4247 427 4326 utilem,
452 4247 551 4330 digna
584 4248 864 4313 animadversione
888 4252 1035 4311 coercere
1059 4249 1290 4330 silentiumque
1316 4248 1488 4328 imponere,

303 4345 341 4401 ut
366 4338 437 4401 aliis
461 4337 494 4399 in
519 4344 685 4419 posterum
710 4338 829 4401 similia
860 4337 1083 4401 committendi
1113 4338 1223 4401 aditus
1246 4337 1488 4419 praecludatur,

303 4434 337 4491 et
370 4427 447 4493 boni
473 4427 594 4509 quique
627 4428 669 4492 ab
698 4427 787 4491 illius
811 4427 950 4490 hominis
974 4427 1271 4491 machinationibus
1295 4433 1328 4489 et
1352 4427 1488 4490 circum-

302 4516 535 4599 scriptionibus
560 4517 692 4581 tandcm
717 4517 894 4599 aliquando
912 4515 1070 4595 eliberati,
1087 4517 1143 4598 qui
1160 4516 1260 4581 etiam
1275 4516 1376 4579 vitam
1392 4537 1488 4598 agere

303 4613 335 4669 11
374 4628 432 4688 pro
470 4607 696 4670 incolumitate
735 4627 846 4669 sacrae
885 4626 1053 4670 caesareae
1092 4606 1268 4687 regiaeque
1306 4605 1489 4669 maiestatis
