3458 5492
468 485 485 522 a
509 482 632 522 unsrun
655 483 715 522 mu.
739 481 868 524 unorum
891 483 944 522 soe
967 469 1194 523 ronrnnnrnnnz.
1360 465 1422 530 177,

241 650 336 732 Julii,
369 673 453 718 anno
487 653 656 718 millesimo
681 654 912 718 sexcentesimo
936 655 1089 736 vigesimo
1113 655 1250 738 septimo
1275 661 1307 719 et
1330 656 1423 738 regni

241 743 344 806 nostri
369 741 565 825 Hungariae
588 745 737 808 secundo

290 891 292 897 .
349 832 589 896 Ferdinandus.

881 919 939 987 Ad
964 923 1156 986 mandatum
1181 923 1376 988 serenissimi

912 1013 1034 1076 domini
1058 1013 1143 1095 regis
1167 1015 1342 1096 proprium.

352 1101 402 1164 W.
427 1100 663 1180 Fenkhdorler,
688 1123 728 1164 m.
753 1123 782 1182 p.
922 1100 965 1166 A.
979 1102 1029 1165 M.
1047 1103 1086 1166 de
1106 1101 1212 1184 Misci,
1236 1125 1276 1166 m.
1300 1126 1329 1185 p.

347 1257 439 1312 Krtlso'
465 1261 558 1311 czt'm:
586 1259 827 1312 Reverendissimo
849 1260 879 1312 in
898 1259 1007 1312 Christo
1026 1261 1102 1328 patri
1122 1261 1233 1314 domino
1253 1264 1335 1314 Petro
1354 1265 1419 1312 Paz-

151 1342 156 1352 ’
238 1347 321 1397 many
341 1331 548 1398 archiepiscopo
567 1331 698 1384 ecclesiae
718 1332 949 1398 metropolitanae
963 1332 1161 1400 strigoniensis
1175 1333 1283 1396 locique
1296 1332 1421 1384 ciusdem

238 1403 333 1454 comiti
351 1403 495 1470 perpetue,
515 1400 640 1470 primati,
659 1419 766 1458 summo
779 1401 928 1456 secretario
941 1409 969 1456 et
983 1405 1149 1457 cancellario
1161 1403 1243 1476 ,regni
1256 1403 1419 1471 Hungariae

237 1491 330 1526 sacrae
350 1491 493 1526 caesareae
511 1473 666 1539 majestatis
687 1474 844 1527 consiliario
865 1479 964 1528 devoto
983 1476 1062 1527 nobis
1082 1480 1109 1528 et
1129 1475 1234 1528 sincere
1254 1475 1364 1527 dilecto.

343 1617 476 1679 (Eredeti.
496 1618 643 1684 Egyetemi
662 1619 807 1684 konyvtar.
827 1598 1094 1687 Pray-gyriJ'temeny
1113 1623 1231 1672 XXXII.
1251 1622 1319 1679 hot.)

727 1881 930 1963 exxxr'v.

650 2063 743 2122 1627.
767 2065 946 2142 augusztus
971 2063 999 2122 5.

234 2219 409 2300 Poemenis
434 2219 597 2283 Pateraet
621 2219 692 2283 ΙΙΙ.
716 2219 980 2284 Fordiaoadltoa
1002 2183 1137 2285 iatezett
1155 2221 1248 2286 levale
1265 2241 1306 2284 aa
1322 2241 1413 2300 opos-

652 2307 706 2372 tolt'
731 2309 813 2372 caim
836 2309 989 2392 appetere.

338 2467 583 2552 Angustissime
615 2469 802 2552 imperator,
835 2469 963 2535 domine
997 2471 1126 2535 domine
1158 2471 1415 2534 clementissime.

287 2594 290 2601 ·
338 2559 505 2641 Benignas
529 2559 710 2623 maiestatis
734 2567 860 2623 vestrae
883 2560 996 2626 literas
1021 2565 1071 2624 25.
1095 2559 1181 2634 Julii
1210 2560 1304 2624 datas
1337 2566 1414 2624 ante

231 2649 378 2712 triduum
411 2649 541 2731 accepi,
563 2649 683 2730 quibus
711 2650 865 2714 maiestas
888 2657 995 2715 vestra
1021 2644 1152 2714 tenuem
1176 2657 1322 2713 nostram
1346 2649 1413 2732 opi-

230 2738 357 2802 nionem
391 2739 540 2820 requirit,
573 2739 613 2802 de
636 2760 750 2820 regum
778 2739 973 2820 Hungariae
998 2740 1271 2824 praecellentibus
1297 2739 1413 2818 titulis,

229 2827 411 2916 insignibus
435 2835 468 2892 et
497 2828 694 2910 apostolicae
717 2829 890 2911 dignitatis
913 2830 1157 2912 praerogativis
1173 2827 1329 2912 Quamvis
1354 2849 1412 2912 ego

230 2918 379 2998 nesciam,
404 2939 467 3000 quo
491 2918 570 2981 haec
594 2917 774 2982 maiestatis
797 2926 924 2984 vestrae
940 2919 1082 3002 benigna
1102 2919 1270 3000 inquisitio
1287 2919 1412 2998 tendat,

229 3027 364 3089 quemve
395 3007 430 3071 in
462 3006 559 3072 finem
593 3029 630 3071 ac
654 3029 748 3072 usum
772 3007 943 3074 deserviat.
966 3009 1106 3073 fideliter
1131 3015 1240 3073 tamen
1266 3028 1413 3090 eaquae

229 3097 309 3159 mihi
332 3097 394 3162 hac
417 3096 457 3159 de
481 3117 517 3160 re
541 3104 706 3179 comperte
729 3105 815 3178 sunt,
839 3099 872 3160 in
898 3099 1048 3163 chartula
1074 3105 1226 3180 separata
1259 3097 1411 3162 annexui.

228 3183 375 3250 Archiva
399 3206 513 3268 regum
537 3185 739 3269 Hungariae,
763 3209 847 3269 quae
864 3208 903 3251 ex
919 3189 1010 3252 clade
1034 3187 1180 3253 Budensi
1204 3193 1410 3270 superarunt,

228 3297 286 3357 ego
308 3297 372 3339 non
396 3275 472 3354 vidi,
501 3297 559 3340 nee
584 3287 745 3358 quantum
769 3299 808 3341 ex
831 3277 871 3341 iis
900 3279 1040 3360 supersit
1065 3283 1266 3360 compertum
1289 3278 1410 3357 habea,

228 3365 389 3447 quidquid
422 3372 532 3428 tamen
564 3375 720 3448 superest,
754 3366 787 3430 id
821 3367 870 3430 vel
903 3367 1051 3432 Viennae
1076 3367 1110 3430 in
1134 3367 1288 3431 thesauro
1312 3367 1409 3430 maie-

227 3454 322 3518 statis
346 3461 481 3533 vestrae,
505 3455 555 3518 vel
579 3455 613 3519 in
637 3477 764 3520 camera
789 3455 978 3522 Posoniensi
1007 3464 1201 3522 asservatur.
1226 3457 1277 3520 Ea
1301 3456 1410 3519 excuti

226 3565 264 3608 ac
287 3544 447 3608 recenseri
470 3567 535 3609 non
558 3545 814 3628 inopportunum
836 3545 1016 3612 iudicarem
1032 3597 1039 3610 .
1056 3597 1062 3610 .
1078 3541 1117 3626 .¹)

335 3633 475 3714 Posonii,
502 3638 529 3697 5.
553 3633 702 3717 Augusti
724 3640 818 3698 1627.

334 3792 499 3860 (Budapesti
518 3791 657 3860 egyetemi
678 3795 823 3862 konyvtar.
844 3793 1110 3861 Pray-gyfijtemeny
1130 3797 1249 3846 XXXII.
1268 3797 1336 3856 ket.)

334 4004 354 4072 ¹)
373 4011 398 4058 A
418 4009 489 4060 leve'l
510 4007 625 4059 tovabbi
645 4009 774 4062 resze'ben
793 4009 923 4077 politikai
942 4014 1065 4078 iigyeket
1084 4013 1203 4077 targyal.

266 4703 442 4749 osnnvrtnrn'n
466 4717 483 4750 A
507 4719 533 4750 n.
559 4718 584 4752 s.
609 4718 729 4753 ruerunt
753 4719 802 4753 coe
826 4710 974 4756 rossanus.
