3454 5492
461 469 478 510 a
503 467 623 508 naorna
648 467 706 508 rra.
731 465 859 508 11111111
882 467 933 507 roo
958 455 1187 508 scaranensem.
1375 443 1415 505 93

236 635 377 704 Martini
409 641 494 705 sacri
527 642 646 706 montis
669 640 839 706 Pannonie
861 639 984 705 ordinis
1007 640 1113 705 sancti
1137 639 1309 705 Benedicti
1333 639 1418 703 Jau·

236 729 351 794 riensis
384 731 527 811 diocesis,
560 731 784 814 per'beatum
817 729 1029 813 Stephanum,
1061 731 1203 813 primum
1243 729 1417 810 Hungarie

236 819 452 884 christianum
494 843 602 904 regem
634 820 810 885 fundatum
844 826 877 884 et
909 843 929 883 a
967 821 1054 885 clare
1094 820 1246 884 memorie
1285 818 1416 900 regibus

235 908 418 992 Hungarie,
451 911 553 993 ipsius
586 911 766 976 maiestatis
792 915 847 975 tue
871 909 1159 993 predecessoribus,
1182 908 1360 992 privilegiis
1383 915 1416 972 et

234 1001 456 1082 prerogativis,
490 999 667 1084 apostolica
698 1001 899 1065 auctoritate
933 1000 1133 1064 confirmatis
1166 1005 1200 1062 ct
1228 999 1416 1062 inconcusse

234 1088 413 1155 observatis
446 1090 646 1172 decoratum,
678 1092 819 1173 primum
853 1096 886 1154 et
918 1090 1097 1172 principale
1125 1088 1359 1154 monasterium
1382 1089 1415 1152 in

236 1179 304 1243 eius
328 1179 501 1263 Hungarie
525 1201 625 1264 regno
649 1179 719 1245 fore
743 1186 905 1260 noscatur,
927 1201 966 1244 ac
989 1180 1078 1244 illius
1101 1179 1247 1258 abbates,
1278 1179 1335 1261 qui
1359 1178 1416 1242 ha-

234 1275 347 1334 ctenus
381 1271 524 1351 fuerunt,
558 1271 592 1333 in
624 1291 734 1336 omnes
767 1271 903 1335 abbates
932 1275 966 1334 et
989 1269 1163 1335 monachos
1187 1269 1268 1334 dicti
1291 1268 1414 1332 ordinis

235 1359 267 1422 in
292 1359 361 1442 ipso
385 1382 484 1443 regno
507 1361 710 1444 prelaturam
734 1365 768 1425 et
791 1360 1063 1443 superioritatem,
1087 1364 1125 1423 ut
1148 1360 1246 1442 primi
1270 1364 1303 1423 et
1326 1359 1415 1441 prin-

234 1449 353 1532 cipales
388 1451 475 1516 inter
506 1445 587 1530 illos,
622 1450 780 1514 hactenus
803 1449 980 1514 habuerint
1004 1456 1037 1514 et
1060 1451 1274 1530 exercuerint,
1298 1469 1335 1512 ac
1359 1449 1416 1512 alii

234 1539 371 1604 abbates
395 1546 429 1604 et
452 1539 601 1611 monachi
625 1541 778 1624 capitulis
802 1562 860 1622 per
875 1541 960 1624 ipsos
976 1540 1113 1604 abbates
1128 1540 1209 1604 dicti
1226 1540 1415 1604 monasterii

233 1630 338 1693 sancti
371 1629 513 1695 Martini
545 1651 602 1713 pro
635 1635 779 1712 tempore
818 1630 989 1695 celebratis
1029 1650 1155 1711 semper
1193 1628 1415 1708 interfuerint,

233 1719 428 1802 illorumque
452 1721 703 1785 constituciones
720 1726 753 1784 et
770 1720 902 1784 decreta
917 1719 1169 1800 observaverint,
1187 1718 1415 1782 nichilominus

234 1815 345 1874 tamen
379 1811 527 1874 nonnulli
570 1832 608 1873 ex
647 1809 825 1876 abbatibus
866 1809 990 1874 ordinis
1022 1814 1055 1873 et
1086 1809 1179 1891 regni
1219 1808 1415 1887 huiusmodi,

235 1899 410 1981 quominus
434 1900 553 1965 dilecto
575 1899 643 1964 filio
667 1899 820 1964 Mattheo
843 1900 957 1964 abbati
982 1900 1062 1963 dicti
1087 1899 1274 1963 monasterii
1309 1901 1413 1962 sancti

235 1987 386 2069 Martini,
410 2011 522 2054 eorum
545 1990 650 2074 primo
674 1990 789 2055 abbati
812 1989 977 2070 obediant,
1001 2011 1039 2053 ac
1063 1989 1131 2052 eius
1156 1989 1413 2052 iurisdictionem

234 2078 275 2144 ab
311 2079 357 2143 eis
390 2081 570 2161 excuciant,
594 2085 628 2144 et
660 2085 699 2143 ut
730 2101 788 2162 pro
821 2079 916 2145 libito
939 2085 973 2143 et
992 2079 1132 2143 arbitrio
1157 2099 1269 2143 eorum
1292 2077 1414 2142 nullius

232 2167 409 2234 formidata
432 2191 570 2235 censura
593 2171 700 2234 vivere
724 2171 863 2250 valeant,
887 2170 1126 2252 exempcionem
1149 2168 1414 2252 asuperioritate

233 2258 334 2340 ipsius
357 2259 489 2326 abbatis
512 2261 618 2324 sancti
638 2259 780 2324 Martini
804 2282 824 2324 a
846 2259 940 2323 nobis
968 2260 1144 2342 impetrare
1167 2257 1351 2338 intendant,
1375 2279 1413 2322 ac

232 2354 405 2430 propterea
438 2350 550 2414 eadem
583 2349 735 2414 maiestas
768 2355 827 2414 tua
851 2349 1019 2413 humiliter
1051 2347 1144 2412 nobis
1173 2348 1413 2432 supplicaverit,

233 2443 270 2502 ut
293 2437 430 2504 abbates
454 2447 487 2504 et
510 2440 683 2505 monachos
705 2446 879 2524 propterea
903 2439 945 2503 ad
969 2460 1026 2503 nos
1054 2459 1221 2502 recursum
1246 2437 1412 2516 habentes,

233 2534 266 2591 et
298 2529 400 2614 vitam
433 2531 474 2594 ab
508 2530 596 2594 omni
629 2530 739 2594 divina
772 2537 804 2594 et
837 2529 981 2593 humana
1014 2549 1152 2592 censura
1183 2527 1321 2592 liberam
1349 2529 1411 2592 sibi

231 2639 350 2699 ponere
373 2625 567 2704 satagentes,
591 2619 632 2685 ab
658 2641 769 2684 eorum
794 2617 965 2684 conatibus
989 2617 1150 2701 depellere
1173 2625 1206 2682 et
1237 2618 1279 2682 ad
1302 2638 1412 2681 mona-

232 2709 311 2772 stice
336 2708 504 2793 discipline
528 2710 770 2774 observanciam
793 2710 948 2774 reducere
972 2730 1177 2787 curaremus3
1202 2729 1268 2788 nos,
1293 2708 1349 2790 qui
1372 2728 1412 2770 ex

232 2799 390 2880 pastorali
422 2799 528 2865 officio
560 2800 727 2884 religionis
759 2799 857 2864 decus
889 2806 923 2863 et
954 2804 1159 2863 venustatem
1187 2819 1225 2862 ac
1250 2797 1410 2879 regularis

232 2889 440 2954 observancie
464 2890 740 2954 conservacionem
757 2891 900 2973 synceris
916 2889 1086 2954 desideriis
1105 2885 1411 2970 affectamus,piun1

232 2986 265 3042 et
297 2979 501 3044 meritorium
533 2980 622 3062 apud
654 2979 762 3044 Deum
789 2979 971 3043 maiestatis
997 2984 1053 3042 tue
1077 2978 1181 3042 zelum
1204 2978 1353 3061 plurimis
1378 2977 1410 3041 in

232 3067 371 3134 Domino
410 3070 681 3150 commendantes,
714 3091 751 3134 ac
784 3069 954 3151 privilegia
989 3073 1021 3132 et
1052 3067 1182 3132 indulta
1215 3068 1411 3131 monasterio

231 3159 336 3222 sancti
369 3160 510 3225 Martini
544 3166 577 3224 et
609 3160 698 3224 illius
730 3158 844 3224 abbati
877 3158 1013 3241 prefatis
1047 3178 1195 3222 concessa
1224 3157 1411 3239 infringere,

232 3249 281 3312 vel
304 3249 369 3312 illis
393 3250 557 3333 derogare,
582 3256 642 3313 aut
664 3248 869 3333 preiudicare
893 3247 1092 3313 nullomodo
1116 3247 1332 3326 intendentes,
1355 3247 1411 3311 sed

232 3344 269 3401 ut
292 3360 461 3422 prosperos
485 3339 720 3422 complectatur
744 3360 917 3419 successus,
937 3359 994 3402 nos
1022 3337 1183 3420 graciosos
1200 3342 1232 3401 et
1248 3335 1409 3401 favorabi-

231 3427 276 3491 les
309 3429 461 3494 exhibere
493 3430 644 3510 volentes,
677 3429 813 3494 eandem
845 3429 1049 3494 maiestatem
1083 3433 1174 3492 tuam
1206 3428 1241 3490 in
1269 3427 1410 3491 Domino

232 3519 429 3601 requirimus
445 3526 479 3585 et
492 3520 663 3584 hortamur
679 3525 815 3600 attente,
833 3527 995 3602 quatenus
1005 3518 1267 3601 predecessorum
1278 3524 1409 3581 tuorum

232 3613 265 3672 et
295 3609 500 3691 potissimum
532 3611 688 3692 genitoris
721 3610 780 3689 tui,
814 3609 871 3691 qui
902 3609 1008 3692 ipsum
1045 3607 1278 3672 monasterium
1306 3607 1411 3671 sancti

231 3697 372 3762 Martini
404 3705 437 3764 et
469 3699 557 3764 illius
589 3699 725 3764 abbates
759 3706 791 3764 et
831 3699 1012 3779 monachos
1045 3705 1214 3781 tamquam
1245 3703 1345 3779 caput
1378 3703 1410 3761 et

231 3788 387 3871 originem
421 3790 521 3873 ipsius
554 3789 678 3855 ordinis
711 3789 745 3852 in
778 3789 865 3853 dicto
898 3810 1006 3872 regno,
1030 3789 1125 3852 iuxta
1161 3787 1332 3870 privilegia
1364 3787 1409 3851 eis

230 3898 389 3959 concessa,
400 3879 488 3960 omni
498 3880 608 3944 favore
618 3879 783 3962 prosecuti
794 3886 828 3944 et
844 3879 945 3944 tutati
962 3883 1048 3958 sunt,
1061 3877 1206 3960 vestigiis
1222 3877 1409 3957 inherendo,

231 3969 464 4032 monasterium
487 3971 594 4052 ipsum
617 3970 722 4034 sancti
746 3969 887 4034 Martini
911 3975 944 4032 et
967 3969 1055 4032 illius
1083 3968 1220 4033 abbates
1244 3973 1277 4032 et
1301 3988 1409 4031 mona-

231 4058 314 4138 chos,
338 4060 509 4142 presertim
543 4060 628 4124 circa
661 4080 777 4122 novam
809 4058 1075 4123 reformacionem
1103 4057 1276 4140 inceptam,
1301 4057 1409 4121 divine

231 4148 411 4212 maiestatis
434 4149 569 4230 intuitu,
593 4150 734 4231 benigno
758 4148 917 4213 desiderio
941 4169 978 4213 ac
994 4150 1047 4231 pio
1063 4146 1184 4212 affectu
1208 4148 1253 4212 sic
1277 4169 1409 4230 syncera

231 4239 414 4303 commissos
447 4239 566 4303 habeas
600 4247 632 4303 et
660 4240 705 4302 eis
730 4238 896 4304 favoribus
919 4239 1075 4303 benivolis
1099 4238 1215 4302 asistas
1238 4258 1275 4302 ac
1299 4258 1351 4301 eos
1375 4237 1408 4301 in

231 4328 379 4394 omnibus
404 4349 514 4393 eorum
538 4329 715 4411 privilegiis
735 4335 802 4392 tam
819 4329 1041 4393 Romanorum
1060 4326 1260 4411 pontificum,
1283 4335 1408 4391 nostro-

231 4439 312 4497 rum,
329 4439 426 4500 quam
444 4441 556 4500 regum
572 4419 835 4501 predecessorum
852 4426 984 4482 tuorum
1002 4418 1124 4482 tuearis
1140 4424 1173 4482 et
1188 4424 1409 4496 manuteneas,

231 4509 317 4589 quod
351 4509 583 4572 monasterium
615 4509 799 4592 predictum
833 4508 938 4572 sancti
972 4508 1112 4572 Martini
1152 4515 1184 4572 et
1223 4508 1311 4572 illius
1349 4529 1407 4589 pro

232 4604 377 4682 tempora
399 4597 537 4664 abbates
557 4605 589 4664 et
608 4599 767 4679 monachi,
784 4599 817 4662 in
836 4620 987 4683 prospero
1005 4605 1037 4662 et
1054 4598 1141 4663 felici
1164 4605 1254 4663 statu
1278 4597 1407 4661 valeant
