3436 5500
468 470 486 506 s
510 469 631 508 uacuae
655 469 713 507 ura.
738 469 867 508 unorum
891 469 944 508 Jco
966 457 1196 508 rburdmrlunz.
1385 449 1426 514 39,

245 643 448 721 erectionem,
472 641 705 720 reductionem,
729 643 881 706 unionem
898 649 930 708 et
946 644 1240 724 incorporationem
1264 642 1428 724 predictas

245 733 342 796 liceat
367 732 430 796 sibi
457 733 657 813 corporalem
688 733 920 815 possessionem
951 733 1174 814 predictarum
1206 733 1428 814 prepositura-

247 822 341 901 rium,
373 822 562 904 juriumque
595 829 627 886 et
659 823 934 905 pertinentiarum
966 823 1197 905 predictarum,
1231 823 1428 900 auctoritate

243 912 383 994 propria,
417 910 554 976 alterius
577 912 710 976 licentia
740 911 876 995 desuper
900 913 1032 976 minime
1055 913 1224 994 requisita,
1248 912 1427 994 apprehen-

246 1001 331 1078 dere,
364 1006 397 1064 et
429 1002 463 1064 in
498 1022 570 1064 suos
603 1023 640 1066 ac
679 1003 842 1066 dictarum
879 1003 1088 1066 ecclesiarum
1127 1008 1160 1065 et
1199 1002 1428 1066 canonicorum

244 1090 520 1155 instituendorum
560 1113 637 1154 usus
670 1097 702 1154 et
735 1091 914 1155 utilitatem
954 1099 1149 1171 convertere,
1189 1092 1362 1155 concedere
1395 1099 1428 1156 et

244 1179 413 1261 indulgere
438 1181 616 1260 dignemini
640 1181 680 1244 de
704 1183 812 1262 gratia
844 1182 984 1262 speciali,
1017 1203 1091 1244 cum
1124 1202 1188 1245 non
1218 1181 1427 1246 obstantibus

245 1277 276 1332 et
301 1271 417 1333 ceteris
443 1271 642 1351 opportunis.

351 1358 430 1422 Fiat
454 1366 492 1423 ut
514 1360 640 1442 petitur
665 1359 700 1422 Τ.

351 1449 397 1512 Et
430 1470 504 1511 curn
536 1448 748 1513 absolvantur
781 1450 822 1512 ad
856 1447 1006 1512 effectum
1040 1450 1241 1532 presentium
1265 1449 1427 1530 predicto-

244 1561 316 1601 rum
340 1537 400 1602 fiat
425 1538 461 1601 T.

351 1627 477 1692 Datum
509 1627 613 1692 Rome
649 1629 737 1711 apud
776 1635 925 1692 sanctum
964 1628 1101 1692 Petrum
1140 1633 1231 1691 sexto
1269 1627 1427 1692 kalendas

244 1717 370 1798 Aprilis
395 1739 480 1781 anno
505 1719 628 1799 quinte.

351 1807 390 1871 R.
415 1812 586 1871 corrector.
611 1807 811 1872 Portuensis

243 2041 257 2088 I
294 1967 385 2088 Η(Α
402 1963 532 2098 patikani
552 1964 734 2018 leveltarban.
755 1965 978 2033 supplicationes
998 1963 1106 2018 Nicolai
1126 1969 1158 2016 V.
1179 1968 1275 2016 Annus
1290 1966 1321 2017 V.
1341 1963 1427 2018 Liber

259 2077 273 2102 .,
307 2044 399 2089 0.37.

766 2289 909 2354 XXXI.

684 2453 777 2514 1453.
801 2451 919 2533 januar
944 2455 995 2513 21.

244 2611 278 2672 V.
302 2610 422 2674 Lusao'
443 2631 464 2674 o
489 2611 664 2690 triptolemi
681 2611 948 2692 jclvodulmalou,
972 2633 993 2676 a
1005 2614 1227 2695 pre'poctsdpot
1251 2616 1282 2675 c'c
1305 2613 1425 2678 oloaso'·

240 2701 484 2782 lraaoaolccdqot
508 2701 625 2779 lcicc'oe,
650 2721 668 2764 o
695 2701 834 2784 toppum
851 2701 940 2783 joqot
970 2701 1090 2765 Vineae
1114 2701 1206 2764 ociori
1227 2703 1424 2782 piispdlcuelc

384 2794 416 2853 c's
439 2790 585 2873 Hercacp
609 2788 734 2868 Brisaei
759 2791 900 2856 tolomei
924 2792 1081 2855 e‘rcelmelc
1105 2791 1219 2873 erc-pedi
1243 2795 1285 2854 cit.

346 2953 520 3017 Ladislaus
544 2959 604 3018 eto.
629 2953 717 3018 fideli
742 2961 853 3020 nostro
882 2955 997 3020 devoto
1030 2955 1157 3034 dilecto,
1190 2954 1366 3018 reverendo
1389 2957 1424 3018 in

240 3040 373 3106 Christo
405 3045 502 3125 patri,
535 3043 665 3107 domino
691 3043 869 3110 Vincencio
902 3045 1049 3126 episcopo
1084 3044 1217 3108 ecclesie
1240 3045 1425 3108 Wacionsis

240 3131 379 3195 salutem
403 3138 436 3196 et
461 3133 613 3214 graciam.
638 3131 724 3214 Quia
747 3136 885 3198 attentis
910 3142 1005 3216 grata
1029 3134 1289 3198 consideracione
1308 3136 1425 3198 vestris

239 3222 418 3285 virtutibus
442 3229 475 3285 et
499 3224 624 3286 meritis
649 3244 686 3286 ac
710 3223 906 3288 discrecione
930 3226 1172 3306 circumspecta,
1197 3224 1423 3288 nihilominus-

240 3331 302 3392 que
325 3318 463 3392 pensata
486 3311 653 3376 affluentis
684 3313 866 3378 devocionis
890 3319 923 3377 et
945 3313 1116 3378 fidelitatis
1140 3314 1338 3393 sinceritate,
1358 3335 1424 3396 qua

239 3405 349 3464 nostre
382 3402 469 3482 regie
501 3423 636 3484 persone
660 3403 702 3466 ad
726 3403 869 3468 ciusdem
903 3404 1057 3468 honorem
1082 3409 1115 3468 et
1138 3403 1295 3467 commodi
1319 3403 1424 3468 incre·

239 3494 385 3553 mentum
417 3491 581 3555 ferventer
613 3498 828 3574 patenterque
861 3494 1027 3572 inheretis,
1061 3493 1200 3575 expedit,
1235 3499 1272 3556 ut
1305 3498 1337 3556 et
1365 3515 1424 3558 nos

238 3579 387 3661 ampliori
421 3582 569 3662 specialis
602 3587 712 3646 nostre
734 3580 824 3664 (epp)
846 3585 1053 3666 prerogativa
1081 3603 1324 3665 prosequamur,
1359 3604 1423 3664 quo

239 3669 342 3751 magis
365 3675 398 3733 et
422 3669 586 3734 efficacius
610 3672 699 3736 vobis
723 3672 764 3734 ad
789 3673 823 3736 id
846 3680 953 3738 vestra
978 3675 1104 3753 merita,
1132 3673 1246 3752 virtus,
1278 3671 1420 3737 fidelitas

239 3768 272 3821 et
296 3759 425 3823 devocio
449 3759 674 3842 suffragantur
692 3763 932 3843 premissorum.
949 3763 1069 3846 Itaque
1094 3761 1363 3842 consideracione,
1387 3769 1421 3826 ct

240 3849 413 3930 potissime,
447 3855 485 3912 ut
517 3851 552 3913 in
585 3858 694 3915 vestra
718 3851 885 3916 Waciensi
918 3852 1052 3918 ecclesia
1076 3874 1112 3916 eo
1137 3851 1272 3916 liberius
1296 3858 1329 3915 et
1353 3851 1423 3916 effi-

241 3940 347 4002 cacius
371 3939 507 4003 valeatis
531 3947 632 4022 atque
654 3942 784 4023 possitis
808 3949 914 4006 vestre
937 3942 1133 4024 pontificalis
1156 3941 1328 4023 dignitatis
1352 3941 1423 4006 offi-

239 4029 325 4091 cium
358 4049 523 4092 exercere:
557 4030 648 4094 vobis
673 4051 712 4093 ex
734 4037 878 4095 nuncet
907 4033 1042 4112 tamdiu,
1076 4052 1244 4114 quousque
1275 4031 1423 4096 antefate

239 4117 370 4182 ecclesie
396 4119 579 4183 Waciensis
603 4120 785 4202 fungemini
808 4123 986 4203 presulatu,
1010 4121 1206 4200 conferendi,
1231 4121 1422 4202 disponendi

239 4217 270 4270 et
302 4208 494 4290 providendi
529 4211 675 4291 personis
714 4209 838 4274 idoneis
876 4213 985 4275 omnia
1024 4218 1057 4276 et
1095 4211 1223 4293 singula
1256 4211 1422 4292 beneficis,

239 4297 418 4379 dignitates
442 4305 474 4362 et
498 4305 698 4379 personatus
733 4321 857 4363 necnon
881 4302 1092 4365 canonicatus
1117 4307 1150 4364 et
1172 4301 1355 4382 prebendas
1388 4301 1422 4364 in

239 4387 328 4450 dicta
353 4388 487 4452 ccclesia
504 4388 671 4452 Waciensi
695 4409 752 4471 per
776 4391 931 4471 temporis
957 4412 1139 4455 successum
1163 4410 1202 4452 ex
1226 4411 1421 4472 quacunque

239 4497 337 4540 (rausa
361 4484 533 4541 vacaturas
558 4485 654 4541 etex
677 4481 781 4542 nostri
806 4481 924 4561 regalis
948 4481 1028 4544 iuris
1054 4486 1249 4564 patronatus
1280 4481 1421 4544 auctori-

239 4575 309 4628 tate
333 4567 374 4630 ad
398 4573 543 4630 nostram
568 4569 691 4648 regiam
716 4569 979 4650 nominacionem,
1013 4571 1300 4653 presentacionem,
1325 4569 1421 4633 colla-
