3458 5492
462 497 481 534 A
504 495 626 533 uncum
650 493 709 533 mn.
733 493 863 532 unorum
886 493 939 532 soe
962 479 1190 532 rourtnnrdnnz.
1357 473 1416 533 161

237 667 378 750 benigne
411 665 652 744 contulerimus,
686 685 790 746 neque
823 685 898 727 vero
932 664 1058 728 dictum
1081 662 1284 746 Stephanum
1308 661 1423 747 Ohiky,

238 756 324 820 sicut
358 756 572 838 praemissum
596 759 645 818 est
669 753 915 833 benemeritum,
949 754 1112 834 negligere
1144 755 1280 818 velimus
1307 774 1345 817 ac
1369 755 1423 817 de-

239 845 381 923 beamus,
416 845 509 908 nobis
534 849 645 907 autem
671 844 712 907 ad
737 863 888 925 praesens
923 843 1014 906 nulla
1038 843 1224 925 hujusmodi
1248 844 1424 923 commoda,

240 957 305 1018 qua
328 935 390 1016 ipsi
414 933 645 1016 gratificemur,
662 933 787 996 occasio
811 933 970 1014 supersit:
995 939 1028 996 te
1047 934 1253 1014 presentibus
1275 933 1363 996 hisce
1386 954 1424 997 ao

240 1024 339 1088 etiam
372 1024 478 1087 medio
511 1022 707 1086 serenissimi
740 1023 825 1103 regis
858 1021 1064 1086 Ferdinandi
1103 1022 1260 1104 patruelis
1299 1029 1332 1086 et
1364 1022 1425 1086 filii

240 1114 343 1178 nostri
368 1113 549 1176 charissimi
577 1113 716 1193 benigne
749 1112 914 1193 requirere
940 1111 1108 1190 voluimus,
1132 1119 1170 1176 ut
1194 1117 1424 1194 praenotatum

241 1202 463 1267 custodiatum
497 1223 561 1265 una
595 1221 669 1265 cum
702 1201 897 1265 canonicatu
929 1199 1107 1279 Jauriensi,
1131 1222 1189 1284 per
1215 1201 1424 1282 praemissam

242 1293 490 1356 translationem
514 1291 594 1356 dicti
621 1291 765 1355 Thomae
785 1289 916 1369 Balasfi,
940 1296 1039 1372 prout
1062 1291 1116 1354 ille
1141 1290 1204 1354 huc
1228 1312 1330 1372 usque
1353 1312 1424 1373 pos-

241 1382 334 1460 sedit,
366 1402 440 1444 cum
473 1381 513 1444 de
545 1382 617 1463 jure
651 1401 812 1444 canonum
835 1387 911 1444 ante
935 1381 1036 1462 ipsius
1060 1381 1312 1462 resignationem
1336 1380 1425 1444 dicta

239 1470 397 1544 beneficia
412 1491 517 1552 neque
533 1471 687 1552 cuiquam
703 1469 903 1552 promittere,
916 1490 1020 1552 neque
1033 1490 1108 1533 vero
1124 1469 1271 1534 conferre
1286 1469 1425 1549 licuerit,

241 1566 417 1624 memorato
451 1559 618 1640 Stephano
651 1558 766 1640 Ohiky,
799 1559 841 1622 ad
874 1580 1027 1640 praesens
1059 1561 1146 1623 omni
1178 1559 1242 1623 alio
1280 1559 1425 1624 subsidio

241 1651 407 1728 destituto,
419 1648 535 1713 habita
559 1649 659 1713 etiam
677 1649 787 1712 senilis
804 1648 948 1730 ejusdem
965 1649 1084 1713 aetatis
1101 1655 1134 1712 et
1150 1649 1424 1712 benemeritorum

241 1740 368 1804 ratione
402 1736 576 1822 (siquidem
609 1739 666 1802 alii
698 1759 807 1802 omnes
840 1738 920 1802 satis
960 1737 1041 1802 bene
1081 1739 1200 1820 provisi
1239 1738 1425 1802 habeantur

241 1831 274 1894 in
308 1830 419 1893 eodem
451 1829 595 1910 capitulo
629 1823 814 1907 Jauriensi)
848 1828 994 1891 conferre
1027 1827 1115 1891 haud
1150 1829 1311 1910 gravatim
1338 1827 1425 1892 velis

242 1917 374 2002 Optime
398 1920 438 1982 de
461 1920 530 1982 viro
554 1917 677 1999 optimo
700 1917 885 1995 mereberis
909 1937 1129 1999 magnumque
1153 1918 1201 1980 illi
1217 1918 1260 1981 ad
1276 1939 1327 1981 res
1343 1918 1426 1981 benc

242 2009 399 2090 gerendas
432 2008 539 2072 calcar
570 2007 679 2086 addes,
713 2012 747 2070 et
780 2027 843 2069 non
875 2006 1042 2088 vulgarem
1075 2007 1163 2088 apud
1195 2029 1252 2071 nos
1285 2005 1427 2088 gratiam

242 2098 382 2176 iniveris,
417 2098 503 2180 quod
538 2098 643 2178 reipsa
678 2117 734 2178 per
766 2095 966 2160 occasionem
993 2097 1140 2177 agnituri
1165 2098 1274 2162 simus.
1299 2095 1425 2160 Datum

242 2188 276 2251 in
301 2189 435 2252 civitate
459 2194 572 2251 nostra
595 2185 726 2251 Vienna
751 2186 802 2250 die
828 2189 869 2248 26
894 2184 992 2249 Junii
1018 2190 1112 2249 1618.

351 2350 584 2416 (Fogalmazvtuy
605 2363 620 2398 a
640 2345 714 2398 becsi
734 2346 830 2398 alrami
849 2346 1032 2397 levelttrban.
1053 2343 1234 2413 Hungarica.)

788 2669 941 2735 CXXII.

656 2835 750 2896 1618,
776 2821 964 2896 deczemher
990 2837 1017 2894 7.

244 2991 423 3073 Amoppar
439 2991 629 3056 toadcsosolr
646 2991 897 3073 bepcacsaoljott
914 3013 935 3056 o
952 2992 1124 3073 birdlyootl
1138 2989 1285 3070 Bcldaffi
1306 2991 1428 3054 Tomos

244 3080 305 3144 ool.
322 3079 469 3144 boscaici
482 3081 652 3160 pitspo'kdt,
676 3081 760 3164 kopp
776 3102 796 3145 c
812 3080 910 3164 felse'p
934 3080 1236 3146 reodellceae‘seioeb
1255 3081 1391 3145 elleaere
1407 3099 1428 3144 α

243 3170 481 3234 secat-saetael
505 3170 660 3250 le'peselcet
685 3175 742 3234 tett
765 3191 786 3235 a
808 3171 904 3254 ppdri
927 3172 1176 3253 crtaaoooksap
1200 3169 1322 3234 teodbbi
1345 3189 1428 3251 ricp-

244 3259 480 3338 tortbotdsorc,
504 3263 537 3322 e's
562 3259 664 3339 lce'rit,
688 3259 819 3344 boppo
843 3261 968 3343 ttralpt
980 3260 1114 3343 jopolcot
1136 3260 1328 3344 oedelmeaae
1351 3279 1427 3342 mep.

352 3420 580 3486 Sacratissima
613 3420 765 3486 maiestas
795 3427 853 3486 etc.
879 3421 1180 3485 Reverendissimus
1206 3420 1346 3488 Thomas
1363 3419 1427 3483 Ba-

244 3509 339 3589 lasffi,
363 3510 485 3574 electus
518 3509 685 3592 episcopus
717 3511 899 3591 Bosnensis,
923 3532 981 3594 per
1013 3510 1189 3593 benignam
1222 3509 1428 3573 collationem

245 3600 425 3664 maiestatis
439 3605 566 3663 vestrae
579 3601 817 3664 sacratissimae
833 3620 1001 3666 caesareae
1014 3607 1047 3664 et
1062 3600 1172 3683 regiae
1186 3621 1225 3664 ex
1241 3598 1429 3664 custodiatu

245 3689 447 3769 Jaurinensi,
471 3689 505 3752 in
534 3691 793 3772 praeposituram
816 3688 1044 3754 Posoniensem
1069 3690 1289 3772 superioribus
1313 3688 1429 3753 diebus

244 3785 411 3861 promotus
428 3785 461 3841 et
477 3779 657 3843 translatus
671 3779 732 3844 hac
755 3781 825 3861 lege
850 3786 882 3843 et
906 3779 1099 3859 conditione,
1119 3786 1156 3842 ut
1180 3779 1272 3844 nohis
1297 3778 1428 3861 quidem

245 3874 333 3932 certo
356 3875 492 3948 constat,
510 3875 548 3931 ut
564 3876 675 3951 postea
692 3869 845 3934 maiestas
862 3891 901 3933 ex
916 3868 1081 3933 beneficiis
1098 3869 1235 3951 capituli
1250 3867 1274 3932 J
1277 3867 1429 3931 aurinen-

245 3959 296 4038 sis,
320 3979 379 4040 per
402 3958 706 4022 reverendissimum
739 3958 1017 4042 archiepiscopum
1042 3957 1256 4038 Oolocensem,
1280 3978 1428 4022 reveren-

245 4047 376 4111 dissimo
401 4046 567 4130 Stephano
592 4046 698 4130 Ohiky
722 4049 868 4131 episcopo
893 4048 1165 4128 Transilvanensi,
1183 4048 1223 4112 ob
1241 4047 1429 4128 religionem

245 4159 265 4200 a
288 4137 403 4200 multis
428 4139 522 4200 annis
546 4137 693 4202 exulanti
717 4143 750 4200 et
766 4138 1024 4220 indigentissimo
1048 4139 1223 4202 clementer
1246 4137 1429 4221 prospicere

244 4233 360 4309 posset,
385 4227 472 4309 quod
496 4233 528 4289 et
552 4227 719 4308 praestitit
742 4234 850 4292 vestra
874 4228 1035 4308 maiestas,
1051 4233 1150 4310 prout
1167 4228 1207 4292 de
1223 4228 1284 4292 hac
1301 4248 1336 4290 re
1355 4246 1428 4289 cum

246 4322 373 4380 vestrae
388 4317 569 4380 maiestatis
585 4317 725 4393 litterae,
736 4324 806 4380 tum
821 4338 895 4380 vero
911 4317 1106 4381 serenissimi
1123 4319 1208 4400 regis
1225 4314 1428 4381 Ferdinandi

246 4406 288 4470 ad
311 4406 615 4470 reverendissimum
638 4405 916 4490 archiepiscopum
945 4405 1170 4472 (loloczensem
1200 4406 1430 4490 requisitoriae

246 4495 352 4575 datae,
376 4495 547 4560 manifeste
563 4501 736 4560 testantur.
753 4495 851 4560 Hanc
875 4517 951 4579 ergo
975 4497 1155 4561 maiestatis
1171 4503 1298 4561 vestrae
1320 4499 1429 4578 pater-

246 4607 322 4649 nam
341 4585 584 4670 dispositionem
599 4586 886 4650 reverendissimus
897 4585 1038 4650 Thomas
1051 4585 1188 4651 Balasffi
1205 4587 1313 4650 volens
1329 4586 1429 4648 inter-

290 4708 464 4752 ontnvtnrln
487 4718 504 4752 Α
528 4720 554 4753 ι.
579 4719 605 4754 u.
630 4719 749 4753 unorum
771 4719 822 4754 soc
846 4709 993 4758 scau-unz.
1290 4716 1319 4759 11
