3454 5492
477 449 496 489 a
521 448 642 490 uacuas
665 448 723 490 urs.
749 447 879 490 uacuum
902 449 955 490 roe
979 437 1206 490 concursorum.
1375 431 1437 490 103

761 789 935 854 LXXXI.

686 953 780 1013 1565.
805 949 940 1015 oktober
966 955 1016 1015 31.

251 1105 436 1191 Aaropyor
452 1108 590 1172 tamaro
609 1079 722 1173 Milosc
746 1108 858 1194 kirtly
873 1108 1087 1196 seditionariae
1112 1107 1223 1192 tifey'tr'
1248 1129 1331 1174 ozon
1355 1111 1436 1176 nele-

254 1199 390 1280 me'uye't,
422 1197 506 1282 boqy
538 1218 559 1262 o
591 1203 730 1282 mapyo'r
762 1197 908 1282 fdpopolc
939 1200 1112 1265 ‹irrito'seo
1142 1199 1262 1282 utroq,
1294 1203 1326 1264 e's
1358 1202 1436 1266 caclo

262 1293 264 1296 ’
311 1286 436 1371 11111111
459 1287 679 1372 eupedc'lylycl
701 1290 918 1356 altotbctuclr
935 1289 1107 1372 jocollro'l
1130 1290 1371 1374 reprendelctet.

359 1443 584 1514 sacratissime
608 1471 720 1515 cesar.
738 1501 767 1515 ..

358 1537 555 1624 Accepimus
594 1540 772 1623 benignum
809 1562 899 1626 sacre
938 1541 1120 1605 maiestatis
1163 1547 1268 1606 vestre
1309 1562 1437 1606 cesaree

251 1629 444 1694 mandatum
469 1634 510 1694 27
536 1629 633 1694 huius
656 1632 774 1696 mensis
797 1631 840 1695 ad
863 1651 920 1696 nos
945 1630 1059 1695 datum
1076 1652 1140 1713 quo
1157 1631 1310 1695 maiestas
1328 1638 1436 1696 vestra

251 1740 344 1783 sacra
366 1719 523 1784 humilem
546 1726 692 1785 nostram
715 1722 980 1785 informationem
997 1721 1172 1786 clementer
1188 1722 1337 1803 requirit,
1357 1741 1437 1785 num

251 1810 399 1892 episcopo
431 1809 625 1892 Hungarico
656 1811 726 1875 sine
752 1833 907 1876 consensu
933 1812 1019 1892 regis
1043 1811 1159 1875 testari
1183 1811 1281 1876 liceat
1304 1832 1363 1876 nec
1387 1833 1436 1892 ne,

252 1905 285 1962 et
309 1899 439 1963 cuinam
463 1899 549 1964 bona
573 1921 632 1964 sua
655 1901 724 1982 ipso
748 1901 902 1966 defuncto
925 1901 997 1983 jure
1020 1902 1113 1984 regni
1137 1901 1272 1983 cedant;
1297 1923 1355 1966 nos
1374 1901 1436 1966 cle-

251 1989 449 2053 mentissime
491 1989 678 2072 imperator,
711 1991 772 2056 hac
804 1991 946 2073 benigna
980 2010 1070 2056 sacre
1111 1991 1292 2056 maiestatis
1330 1997 1438 2060 vestre

208 2123 210 2128 .
250 2079 469 2162 propositione
501 2079 535 2143 in
567 2085 757 2146 accuratam
797 2081 1065 2146 deliberationem
1098 2087 1131 2145 et
1164 2081 1435 2146 consultationem

251 2175 374 2250 vocata,
399 2174 432 2232 et
456 2169 594 2234 decretis
619 2191 747 2254 quoque
780 2169 983 2254 Hungaricis
1016 2170 1190 2254 diligenter
1224 2171 1379 2254 inspectis
1402 2178 1435 2236 et

251 2259 415 2338 revolutis,
456 2281 518 2341 que
552 2259 594 2324 ad
626 2260 722 2325 istius
760 2261 883 2343 negotii
921 2261 1091 2325 clariorem
1130 2267 1163 2324 et
1201 2260 1435 2326 evidentiorem

251 2349 500 2431 explicationem
524 2351 680 2414 momenti
703 2351 830 2433 aliquid
853 2349 964 2415 afferri
987 2355 1125 2433 possent,
1161 2356 1272 2433 preter
1304 2353 1440 2415 unicam

252 2439 431 2504 clausulam
454 2461 494 2503 ex
519 2439 689 2522 tripartito
713 2461 809 2524 opere
832 2441 914 2523 juris
938 2441 1213 2505 consuetudinarii
1229 2443 1323 2522 regni
1338 2441 1435 2506 Hun-

251 2530 350 2612 garie,
384 2548 442 2611 per
466 2527 668 2612 Stephanum
703 2531 867 2612 quondam
891 2530 1103 2614 Werbewczy
1129 2531 1311 2614 compilato,
1339 2532 1435 2614 plane

251 2619 333 2683 nihil
365 2619 508 2701 reperire
539 2621 714 2702 potuimus
748 2621 832 2685 Eam
858 2640 933 2685 vero
962 2621 1028 2686 suis
1052 2621 1158 2686 verbis
1191 2626 1378 2704 excerptam
1401 2627 1434 2685 et

251 2709 448 2792 descriptam
479 2709 530 2796 his
562 2710 747 2775 adiecimus
759 2705 786 2792 1)
822 2710 891 2776 Nos
930 2711 1034 2775 eidem
1072 2711 1217 2776 clausule
1247 2733 1307 2794 pro
1340 2711 1439 2774 tenui

250 2805 361 2864 nostro
383 2798 505 2882 judicio
529 2799 731 2883 adstipulati,
766 2807 800 2865 et
823 2802 977 2883 exemplis
1010 2802 1121 2882 magia,
1155 2821 1228 2864 cum
1261 2801 1435 2883 superioris

251 2891 358 2970 etatis,
391 2895 462 2952 tum
494 2890 598 2953 nostri
631 2891 795 2974 temporie,
826 2912 926 2972 quam
959 2890 1031 2954 aliis
1068 2891 1252 2954 rationibus
1290 2891 1435 2972 adducti,

251 2979 342 3043 aliud
366 2979 495 3043 omnino
519 2981 640 3043 sentire
663 3001 728 3044 non
751 3001 930 3062 possumus,
964 2993 1070 3062 quam,
1097 2981 1185 3044 sicut
1209 2981 1433 3045 universorum

254 3069 465 3148 dominorum,
499 3067 659 3132 baronum
683 3076 715 3134 et
739 3075 940 3153 magnatum,
972 3070 1177 3152 aliorumque
1209 3070 1303 3152 regni
1336 3071 1434 3136 huius

251 3159 418 3238 nobilium,
456 3153 831 3242 possessionatorumque
868 3160 1046 3238 hominum,
1086 3161 1153 3223 sine
1194 3159 1369 3224 heredibus
1401 3168 1435 3225 et

250 3249 388 3332 posteris
417 3248 651 3329 decedentium,
684 3251 792 3314 omnia
824 3251 899 3332 jura
931 3255 963 3313 et
997 3250 1083 3314 bona
1114 3249 1366 3332 possessionaria
1399 3253 1433 3316 iu

252 3359 378 3404 sacram
402 3337 607 3404 maiestatem
639 3345 795 3424 vestram,
822 3345 991 3422 tamquam
1014 3340 1106 3423 regni
1127 3337 1305 3422 Hungarie
1336 3345 1434 3404 natu·

251 3427 353 3492 ralem
375 3447 494 3510 regem,
526 3449 601 3494 vero
626 3430 835 3494 successionis
857 3429 930 3512 jure
954 3423 1188 3511 devolvuntur3
1222 3436 1256 3494 et
1278 3431 1433 3512 quemad-

252 3519 383 3583 modum
421 3539 558 3600 persona
596 3521 694 3583 unica
726 3527 759 3584 et
791 3518 975 3601 singularis,
1009 3519 1218 3602 legitimoque
1252 3540 1433 3585 successore

251 3609 419 3688 destituta,
436 3627 534 3689 super
557 3609 690 3690 juribus·
706 3610 774 3672 suis
787 3609 1054 3692 possessionariis,
1078 3611 1147 3674 sine
1163 3611 1252 3691 regio
1269 3631 1432 3691 consensu,

251 3699 298 3762 nil
332 3699 506 3780 quicquam
538 3697 610 3779 jure
642 3699 810 3780 perennali
843 3701 958 3763 testari
989 3705 1114 3780 potest:
1155 3698 1268 3762 eadem
1306 3700 1433 3764 ratione

251 3809 377 3853 sacram
416 3787 620 3851 maiestatem
659 3795 800 3852 vestram
833 3788 1037 3852 dominorum
1071 3809 1199 3872 quoque
1231 3790 1433 3871 prelatorum

250 3877 433 3960 legitimum
457 3898 524 3941 esse
547 3898 768 3960 successorem,
802 3899 906 3960 neque
938 3880 1023 3961 ipsos
1052 3879 1121 3944 sine
1153 3899 1309 3942 consensu
1342 3901 1432 3944 sacre

251 3967 431 4032 maiestatis
453 3973 560 4032 vestre
584 3968 751 4052 quippiam
775 3969 891 4034 testari
914 3990 1014 4052 posse,
1039 3974 1097 4032 aut
1120 3968 1147 4032 si
1171 3969 1284 4034 testati
1307 3969 1432 4033 fuerint

251 4058 380 4122 omnino
404 4057 437 4120 id
462 4057 594 4121 irritum
619 4058 731 4122 haberi
756 4065 901 4140 constat;
925 4058 1062 4142 ideoque
1085 4079 1211 4122 sacram
1228 4058 1432 4124 maiestatem

360 4236 379 4297 ¹)
398 4233 528 4285 clausula
547 4250 581 4285 ex
609 4231 720 4286 decreto
747 4233 910 4302 Hungarico
929 4237 950 4285 Ι.
970 4235 1059 4301 parte,
1088 4233 1173 4285 titulo
1201 4238 1235 4286 X.
1267 4238 1431 4289 »Praeterea

251 4309 415 4358 cunctorum
443 4321 551 4368 quoque
580 4305 755 4358 dominorum
782 4305 971 4372 praelatorum
987 4308 1015 4358 et
1034 4305 1157 4358 virorum
1181 4305 1431 4360 ecclesiasticorum

252 4378 380 4445 princeps
399 4375 458 4443 ipse
477 4379 571 4429 noster
589 4393 671 4430 verus
689 4377 795 4446 pariter
814 4380 843 4430 et
861 4377 1004 4447 legitimus
1024 4394 1162 4430 successor
1184 4381 1234 4442 est,
1261 4393 1316 4429 non
1344 4397 1430 4442 quan-

251 4455 313 4501 tum
341 4449 376 4501 ad
403 4447 540 4500 bonorum
567 4451 596 4502 et
622 4449 729 4514 jurium
747 4448 991 4517 posscssionarium
1011 4449 1045 4502 ab
1068 4448 1184 4502 ecclesia
1213 4448 1383 4502 ablationem
1402 4457 1430 4503 et

251 4519 509 4586 sequestrationem,
538 4519 586 4572 sed
613 4524 750 4584 quantum
779 4521 861 4574 alteri
880 4520 1056 4582 (vacantibus
1074 4521 1299 4589 praelaturarum
1318 4521 1430 4575 sedibus

252 4596 280 4646 et
299 4592 479 4647 ecclesiarum
498 4592 662 4656 rectoribus)
683 4593 718 4646 ad
737 4593 951 4664 gubernandum
971 4611 1034 4648 cum
1056 4592 1171 4647 ecclesia
1193 4591 1393 4648 collationem«
