3458 5492
456 466 475 503 a
499 465 619 502 usuras
642 461 703 502 ura.
727 463 856 502 nassum
880 462 933 501 roo
956 449 1184 501 roardunrrtunz.
1349 440 1413 499 189

230 635 351 699 tionem
366 634 560 700 serenissimi
577 634 718 716 regis,u
720 633 888 749 tprovisic
904 639 997 715 apost
983 632 1081 696 tolica
1097 631 1275 696 faciliorem
1293 632 1414 696 habeat

233 723 393 790 effectum.

338 813 431 877 idem
465 813 563 877 etiam
596 818 647 875 ost
633 811 739 875 tendit
726 818 782 875 tur
806 832 844 874 ex
868 811 946 875 dict
923 816 964 874 trs
998 811 1118 874 constit
1105 811 1288 875 tutionibus
1313 809 1414 894 Sigis-

230 905 401 969 mundit
368 909 401 966 et
424 903 499 967 Mat
501 902 574 966 hiae
598 900 739 979 Corvini,
764 902 841 982 quia
857 901 889 964 in
908 900 954 964 eis
970 921 1117 982 expresse
1133 907 1201 964 stat
1166 902 1303 979 atuitur,
1327 903 1414 982 quod

230 993 400 1076 vayvodae,
425 993 530 1075 qualis
554 997 626 1055 erat
649 991 828 1055 Battoreus
852 992 886 1054 in
911 989 1148 1065 Transilvania
1180 991 1293 1054 etalii
1317 992 1415 1054 comi-

230 1092 279 1149 tes
312 1092 345 1146 et
377 1081 555 1146 feudatarii
588 1102 652 1145 non
684 1079 808 1162 possint
841 1102 872 1143 se
906 1081 1054 1161 ingerere
1077 1080 1112 1142 in
1136 1081 1414 1146 nominationibus

229 1171 388 1237 faciendis
412 1172 454 1236 ad
479 1171 637 1250 ecclesias,
661 1171 724 1234 nisi
748 1171 788 1233 de
812 1169 944 1251 speciali
967 1169 1121 1232 mandato
1145 1170 1243 1251 regio.

288 1321 290 1328 Α
338 1262 391 1324 Ex
414 1261 473 1324 hoc
497 1261 582 1324 enim
607 1266 751 1342 apparet,
777 1259 863 1341 quod
888 1257 946 1322 iusv
962 1259 1151 1322 nominandi
1168 1269 1200 1322 et
1219 1265 1415 1342 patronatus

230 1352 373 1434 pertinet
407 1350 448 1414 ad
480 1371 589 1432 regem
623 1357 656 1413 et
689 1371 752 1412 non
775 1349 818 1412 ad
843 1349 1019 1430 vajvcdam‚
1054 1355 1086 1412 et
1120 1349 1206 1431 quod
1235 1349 1414 1412 nominatio

232 1441 382 1507 Battorei
406 1447 557 1504 censetur
581 1438 670 1503 facta
695 1439 734 1502 de
758 1438 889 1520 speciali
913 1438 1067 1501 mandato
1097 1438 1199 1520 regie
1232 1461 1308 1502 nam
1334 1439 1415 1501 alias

231 1552 295 1595 non
319 1530 476 1613 potuisset
500 1528 588 1606 fieri3
613 1535 646 1592 et
669 1528 813 1610 recipere
838 1529 934 1592 debet
960 1528 1265 1609 interpretationem
1281 1550 1300 1591 a
1317 1527 1415 1592 dictis

233 1619 523 1685 constitutionibus
561 1618 831 1699 praecedentibus
871 1624 1029 1698 tanquam
1062 1639 1081 1679 a
1114 1618 1212 1680 titulo
1246 1625 1278 1681 et
1317 1613 1433 1680 causa'

230 1709 442 1792 praeambula
467 1759 473 1772 .
500 1758 506 1772 .
531 1757 537 1770 .

338 1800 384 1861 Et
408 1799 467 1862 hoc
490 1819 527 1862 eo
550 1798 653 1878 magis
677 1797 774 1860 debet
796 1795 981 1877 procedere,
1006 1797 1082 1877 quia
1106 1797 1139 1858 in
1169 1797 1266 1874 dieta,
1291 1797 1324 1860 in
1350 1819 1415 1879 qua

230 1889 366 1952 fuerunt
390 1887 496 1951 iactae
521 1887 628 1951 dictae
652 1886 909 1956 constitutiones,
924 1885 1100 1948 intervenit
1123 1884 1309 1968 Stephanus
1334 1887 1414 1950 Bat-

231 1984 340 2042 toreus
364 1977 500 2060 vajvoda
525 1975 814 2054 Transilvanensis
844 1975 897 2037 oui
919 1981 1032 2056 postea
1055 1977 1209 2039 successit
1234 1975 1413 2058 Sigismun-

232 2069 299 2146 due,
339 2074 373 2130 et
411 2075 568 2148 tanquam
609 2086 774 2130 successor
816 2064 1020 2128 continuavit
1058 2059 1105 2128 in
1132 2065 1246 2128 iisdem
1286 2067 1416 2129 iuribus

231 2155 398 2239 Stephani.
1156 2179 1157 2190 ¹

339 2245 480 2309 Demum
503 2245 680 2326 plurimum
704 2243 793 2322 facit,
818 2243 905 2325 quod
931 2249 1124 2326 recuperata
1148 2245 1282 2308 civitate
1305 2244 1414 2308 Albae

230 2335 351 2414 duliae,
375 2336 415 2398 de
439 2355 503 2416 qua
527 2335 646 2416 agitur,
670 2356 689 2398 a
713 2339 825 2396 sancto
850 2331 1024 2414 Stephano,
1048 2333 1153 2415 primo
1176 2355 1251 2416 rege
1275 2334 1415 2416 Hunga·

231 2426 307 2506 riae,
333 2447 349 2488 e
373 2425 524 2488 manibus
547 2443 756 2506 paganorum,
782 2423 849 2503 ipse
872 2423 1025 2486 fundavit
1041 2429 1074 2486 et
1093 2423 1218 2486 dotavit
1244 2424 1413 2487 cathedra-

231 2515 310 2596 lem3
344 2522 377 2578 et
400 2516 449 2577 ita
472 2514 523 2577 ius
547 2513 736 2576 nominandi
758 2519 909 2594 respectu
933 2513 1030 2576 huius
1054 2513 1257 2594 episcopatus
1286 2514 1415 2577 facilius

231 2605 386 2687 competit
418 2603 496 2684 regi,
530 2625 628 2685 quam
663 2603 771 2684 quoad
804 2602 884 2665 alios
920 2603 1123 2684 episcopatus
1164 2604 1265 2666 totins
1303 2605 1414 2684 regni;

231 2715 303 2757 cum
328 2693 455 2756 ratione
481 2693 685 2756 fundationis
709 2699 741 2755 et
766 2691 943 2756 dotationis
968 2713 1004 2756 eo
1028 2692 1130 2773 magis
1163 2700 1330 2756 remaneat
1363 2694 1415 2756 ius

231 2783 421 2847 nominandi
508 2830 515 2844 .
1349 2860 1351 2866 Ι

337 2871 413 2936 Non
436 2871 546 2935 obstat
570 2871 656 2952 quod
680 2871 714 2933 in
737 2871 919 2933 cathedrali
943 2892 1006 2934 non
1023 2872 1216 2952 acquiratur
1233 2871 1283 2934 ius
1303 2879 1412 2953 patro·

231 2969 329 3025 natus
353 2983 391 3025 ex
415 2961 581 3024 dotatione
606 2967 638 3024 et
662 2958 855 3023 fundatione
879 2961 947 3023 sine
971 2962 1139 3042 privilegio
1167 2961 1414 3042 apostolico..;

232 3048 309 3134 quia
333 3050 483 3114 fundatio
508 3057 540 3112 et
566 3050 689 3113 dotatio
716 3057 764 3112 est
789 3071 886 3113 causa
909 3049 1120 3114 iustificativa
1152 3051 1323 3132 privilegii,
1356 3052 1414 3130 ita,

232 3147 270 3204 ut
302 3139 431 3204 facilius
465 3139 584 3204 debeat
616 3145 797 3221 competere
830 3139 864 3201 in
896 3139 958 3202 isto
991 3141 1187 3222 episcopatu,
1220 3141 1252 3202 in
1288 3162 1352 3223 qua
1376 3161 1414 3203 ea

233 3231 409 3309 concurrit,
433 3251 531 3311 quam
555 3231 589 3292 in
614 3229 686 3292 aliis
711 3229 811 3292 totius
844 3229 945 3310 regni,
967 3227 1011 3292 'in
1041 3231 1160 3310 quibus
1184 3230 1223 3293 de
1247 3229 1415 3294 dotatione

232 3326 265 3384 et
289 3319 482 3383 fundatione
505 3341 569 3383 non
594 3325 730 3400 apparet
755 3367 761 3381 .
786 3367 792 3380 .
817 3368 823 3382 .

339 3409 414 3472 Non
447 3409 566 3487 obstat,
591 3409 677 3490 quod
710 3408 818 3470 sedem
851 3408 1060 3489 apostolicam
1085 3408 1196 3472 dicant
1220 3408 1415 3488 disposuisse

233 3500 273 3562 de
296 3497 461 3580 aliquibus
485 3497 626 3561 ecclesiis
652 3497 863 3579 Hungariae3
897 3498 974 3598 quia
1007 3498 1088 3561 tales
1120 3498 1316 3580 provisiones
1349 3520 1413 3562 non

231 3589 367 3655 fuerunt
390 3589 484 3651 nobis
508 3589 844 3666 communicataqut
867 3588 1025 3668 possimus
1049 3587 1113 3650 illis
1137 3588 1348 3669 respondere3
1381 3597 1415 3650 et

232 3677 429 3760 provisiones
452 3685 546 3760 apost
533 3677 648 3740 tolicae
676 3697 739 3740 non
771 3684 950 3740 mutante
953 3683 1099 3740 tuatum
1155 3677 1255 3741 .Ult
1242 3683 1294 3739 tra
1327 3678 1413 3758 quod

232 3767 394 3848 allegatur
417 3768 606 3830 commenda
628 3768 718 3830 facta
742 3767 781 3829 de
805 3766 1084 3869 archiepiscopatu
1112 3725 1327 3847 Stiigoniensi
1353 3767 1414 3830 sub

233 3855 424 3920 Alexandro
449 3855 519 3930 VL,
552 3878 635 3938 quae
668 3879 732 3920 ncn
757 3862 806 3929 est
828 3851 1036 3919 habendam
1061 3856 1317 3920 consideratione
1341 3865 1413 3937 post

232 3945 360 4028 lapsum
395 3946 479 4009 tanti
513 3947 667 4028 temporis
700 3953 732 4010 et
765 3947 1035 4010 concurrentibus
1068 3946 1140 4010 aliis
1175 3946 1415 4027 provisionibus

235 4035 330 4098 factis
354 4035 622 4100 consistorialiter
646 4035 687 4098 ad
711 4035 965 4100 nominationem
988 4036 1082 4116 regis.

775 4125 921 4188 Joannes
945 4123 1102 4190 Camillus
1128 4124 1352 4189 Macambrius

975 4214 1159 4278 advocatus

340 4355 483 4422 (Egykcrri
502 4353 557 4406 irat
576 4371 592 4404 a
612 4351 726 4422 primasi
747 4353 862 4420 egyhazi
885 4355 1078 4416 leveltarban.)
