3454 5492
449 439 466 476 1
490 437 611 478 naevus
634 436 692 477 xia.
716 435 844 476 unorum
870 435 922 478 too
947 423 1174 476 rosvtnnvtnnz.
1343 415 1404 476 lla

225 609 283 674 uni
307 609 467 675 baronum
491 616 524 674 ot
547 611 714 692 nobilium,
739 612 885 694 quamvis
911 613 1007 676 unica
1023 619 1056 676 et
1072 611 1247 694 singularis
1269 633 1407 693 persona

224 701 276 779 sit,
300 700 339 764 de
362 700 456 766 bonis
479 701 653 767 mobilibus
677 708 874 768 testamento
898 703 1075 785 disponere,
1095 709 1128 766 et
1147 707 1245 784 prout
1269 703 1407 784 quisque

224 789 295 853 vult
318 791 479 872 ordinare,
502 814 644 875 aequum
667 799 725 873 est,
750 797 787 855 ut
811 813 895 875 quae
932 791 1068 856 libertas
1102 797 1252 855 servatur
1275 791 1308 854 in
1333 793 1407 854 reli-

225 881 298 962 quis
322 881 475 946 membris
492 882 593 964 regni,
618 883 730 946 eadem
746 884 780 946 in
799 883 954 964 praelatis
980 888 1196 946 conservetur.
1220 881 1296 946 Non
1320 883 1406 945 enim

225 970 355 1034 videtur
377 993 445 1036 esse
469 973 669 1053 conveniens
685 979 724 1036 ut
740 980 832 1037 vetus
853 979 885 1036 et
905 994 1073 1037 commune
1096 971 1217 1036 bonum
1241 971 1406 1036 libertatis

223 1059 320 1124 huius
352 1063 445 1144 regni
469 1062 684 1142 distrahatur,
710 1068 743 1126 et
766 1084 806 1126 ex
828 1068 923 1145 parte
946 1063 1167 1144 praelatorum
1192 1061 1407 1124 diminuatur.

225 1149 273 1214 Ut
289 1156 399 1215 autem
415 1153 573 1217 serenitas
589 1158 697 1216 vestra
712 1173 843 1216 causam
860 1173 923 1216 non
937 1152 1075 1234 ignoret,
1092 1172 1193 1234 quare
1209 1157 1406 1214 testamenta

223 1240 453 1322 praelatorum,
477 1243 668 1324 priusquam
688 1243 728 1306 ad
747 1244 996 1324 exequutionem
1012 1241 1305 1320 demandabantur,
1321 1241 1407 1322 regi-

223 1329 285 1392 bus
308 1329 502 1413 Hungariae
521 1337 819 1414 praesentarentur,
842 1333 932 1396 istud
949 1331 1119 1396 serenitati
1133 1335 1260 1395 vestrae
1276 1331 1406 1394 humili-

224 1425 274 1482 ter
298 1420 357 1484 hoc
380 1422 474 1485 modo
498 1422 722 1486 declaramus:
744 1423 907 1504 praelatos
931 1444 995 1486 non
1019 1427 1150 1486 tantum
1168 1422 1315 1504 proprios
1337 1421 1407 1484 1111-

224 1514 297 1572 ctus
320 1510 472 1576 habuisse
496 1513 530 1575 in
549 1534 656 1591 manu,
676 1511 845 1576 sedetiam
862 1513 1070 1578 eeclesiarum
1088 1511 1206 1594 quibus
1222 1517 1406 1593 praeerant,

223 1599 378 1681 clenodia,
402 1623 442 1664 ne
466 1607 575 1665 autem
598 1623 696 1684 penes
718 1603 865 1685 proprios
889 1603 1019 1668 fructus
1035 1607 1068 1666 et
1083 1606 1260 1685 proventus
1279 1601 1406 1683 praela-

223 1695 333 1754 torum
367 1691 536 1774 quispiam,
570 1694 669 1756 etiam
702 1693 742 1756 de
774 1693 867 1757 bouis
900 1694 950 1757 vel
988 1692 1143 1756 clenodiis
1177 1691 1336 1770 ecclesiae,
1371 1692 1404 1754 in

224 1779 292 1842 eius
335 1781 500 1863 damnum,
539 1788 735 1848 testamento
769 1782 962 1865 disponeret,
1002 1783 1087 1846 sicut
1125 1781 1263 1845 fortasse
1302 1781 1406 1862 aliqui

224 1869 355 1950 suerint,
388 1873 445 1952 qui
479 1873 544 1935 tale
577 1872 703 1954 aliquid
735 1872 843 1936 facere
876 1873 984 1936 conati
1013 1878 1099 1952 sunt,
1130 1871 1206 1935 hinc
1240 1892 1316 1935 usus
1341 1893 1405 1934 non

224 1960 292 2023 sine
325 1981 423 2025 causa
456 1962 597 2044 irrepsit,
620 1968 658 2025 ut
683 1968 881 2027 testamenta
904 1962 1127 2044 praelatorum
1151 1957 1250 2044 (quae
1275 1961 1406 2042 quidem

224 2056 425 2116 testamenta
458 2051 548 2116 nulla
577 2057 673 2134 egent
697 2051 944 2117 confirmacione
967 2073 1072 2133 neque
1095 2051 1277 2115 annuentis
1301 2050 1407 2133 dispo-

223 2141 330 2220 nendi,
364 2141 426 2205 nisi
459 2141 544 2206 forte
577 2141 616 2205 de
649 2142 742 2206 bonis
776 2149 809 2206 11
841 2143 970 2206 iuribus
1003 2141 1260 2224 possessionariis
1292 2161 1351 2223 per
1374 2162 1407 2204 se

223 2231 402 2312 acquisitis
436 2237 495 2294 aut
526 2232 670 2314 paternis
703 2232 753 2296 vel
785 2233 913 2297 aviticis
944 2233 1034 2297 iacta
1067 2227 1205 2312 fuerint)
1231 2231 1273 2296 ad
1298 2251 1407 2312 regem

225 2325 394 2402 tamquam
418 2322 460 2385 ad
484 2343 645 2402 summum
670 2322 880 2388 ecclesiarum
903 2329 1047 2387 tutorem
1071 2328 1103 2385 et
1119 2328 1295 2404 patronum
1320 2319 1407 2384 del-

221 2415 348 2491 rantur,
382 2412 439 2494 qui
473 2413 661 2477 testamenti
694 2413 759 2475 vim
792 2419 825 2476 et
859 2412 1104 2494 disposicionem
1136 2412 1170 2474 in
1205 2432 1242 2474 ea
1273 2416 1404 2474 tantum

222 2506 317 2581 parte
341 2522 416 2565 cum
439 2503 505 2566 suis
530 2502 722 2566 consiliariis
741 2509 956 2584 cognosceret,
983 2523 1061 2565 num
1078 2501 1204 2583 aliquid
1222 2501 1261 2564 de
1279 2501 1407 2582 peculio

222 2590 272 2652 vel
305 2590 450 2654 clenodio
483 2592 634 2656 ecclesiae
668 2614 746 2658 suae
778 2593 946 2670 alienaret,
979 2599 1038 2656 aut
1071 2591 1168 2654 alteri
1202 2591 1340 2654 donaret
1373 2591 1406 2653 in

224 2685 429 2745 testamento.
455 2681 506 2744 De
529 2683 740 2764 proventibus
763 2688 875 2746 autem
899 2683 966 2746 suis
989 2703 1053 2745 non
1080 2702 1170 2745 secus
1195 2687 1293 2762 atque
1319 2681 1406 2762 quis-

222 2771 309 2850 piam
342 2772 500 2836 nobilium
534 2768 637 2854 (velut
671 2774 767 2836 unica
791 2779 823 2836 et
848 2771 1023 2855 singularis
1046 2793 1184 2853 persona
1207 2767 1302 2851 facit)
1327 2792 1407 2851 quos

222 2860 331 2923 vivens
364 2868 422 2925 aut
455 2862 602 2942 retinuit,
635 2868 694 2926 aut
727 2864 761 2926 in
790 2885 850 2926 usu
875 2861 1001 2942 habuit,
1035 2868 1193 2944 tanquam
1218 2861 1258 2923 de
1281 2861 1407 2942 peculio

223 2953 389 3030 castrensi,
423 2952 473 3014 vel
507 2953 600 3034 quasi
634 2954 799 3032 castrensi,
832 2953 933 3017 libere
966 2952 1119 3033 disponit.
1147 2951 1264 3033 Neque
1287 2951 1321 3012 in
1345 2951 1406 3014 hac

221 3046 315 3123 parte
335 3062 480 3122 unquam
500 3049 613 3108 eontra
629 3063 831 3106 communem
847 3043 939 3124 regni
955 3041 1144 3106 libertatem
1159 3062 1250 3122 reges
1267 3039 1406 3122 Hunga·

222 3130 289 3193 riae
312 3131 475 3212 praelatos
500 3132 688 3212 turbarunt,
713 3139 771 3196 aut
801 3154 912 3198 eorum
936 3133 1199 3215 praerogativam
1233 3131 1406 3196 violarunt.

222 3217 450 3303 Supplicamus
475 3243 550 3304 ergo
578 3243 696 3302 omnes,
721 3229 790 3287 tam
812 3223 977 3287 maiestati
1001 3242 1079 3285 suae
1102 3241 1280 3302 caesareae,
1306 3242 1404 3302 quam

221 3311 392 3376 serenitati
423 3319 558 3391 vestrae,
593 3319 630 3376 ut
662 3334 720 3395 pro
755 3312 936 3377 christiana
967 3312 1099 3395 pietate,
1132 3319 1165 3376 et
1190 3311 1405 3392 perpetuam

222 3421 278 3464 nos
292 3401 505 3484 benignitate,
526 3402 681 3484 dignetur
700 3423 769 3466 rem
785 3404 971 3468 accuratius
987 3402 1196 3484 perpendere,
1212 3421 1403 3482 perpensam

221 3491 270 3555 ita
285 3492 473 3574 ponderare,
494 3513 534 3555 ne
550 3492 643 3557 nobis
658 3493 888 3575 libertatisque
905 3499 1045 3572 nostrae,
1061 3492 1173 3574 aliqua
1189 3489 1248 3554 fiat
1264 3491 1403 3573 iniuria;

221 3581 277 3645 sed
310 3588 348 3644 ut
380 3583 414 3644 in
447 3582 508 3646 hac
541 3605 584 3663 re,
618 3590 719 3665 atque
751 3589 820 3646 toto
853 3583 912 3646 hoc
945 3583 1085 3664 negotio,
1115 3583 1163 3645 ita
1196 3581 1235 3644 de
1259 3581 1404 3644 omnium

221 3678 369 3734 nostrum
392 3672 547 3738 libertate
572 3679 605 3736 11
627 3673 856 3756 praerogativa
880 3674 1088 3752 constituere,
1106 3676 1405 3752 testamentumque

221 3761 369 3825 defuncti
402 3763 515 3826 fratris
548 3764 660 3844 nostri,
694 3763 736 3825 ad
769 3763 837 3826 eius
870 3769 1094 3845 exequutores,
1126 3783 1185 3843 pro
1220 3759 1332 3824 debita
1357 3761 1407 3824 sui

222 3851 438 3934 exequutione
472 3854 638 3916 remittere
672 3852 836 3934 dignetur,
870 3859 907 3916 ut
941 3853 981 3917 de
1012 3851 1141 3916 iustitia
1171 3858 1207 3914 et
1236 3851 1406 3932 aequitate

221 3948 290 4005 tam
322 3942 504 4006 maiestatis
536 3964 621 4019 suae,
656 3964 754 4025 quam
778 3943 964 4006 serenitatis
987 3947 1115 4006 vestrae
1139 3940 1273 4022 gloriari
1296 3941 1405 4024 potius

221 4053 320 4113 quam
352 4034 507 4115 conqueri
539 4033 705 4115 possimus.
738 4031 826 4096 Nam
856 4032 943 4114 quod
967 4032 1088 4095 vilioris
1112 4031 1308 4095 conditionis
1333 4031 1405 4094 aliis

223 4122 411 4202 habeamur,
444 4129 574 4187 nostrae
606 4128 784 4205 perpetuae
816 4129 848 4186 11
873 4122 1052 4186 constantis
1075 4121 1254 4201 fidelitatis,
1279 4126 1404 4184 nostro-

221 4234 360 4295 rumque
384 4218 624 4278 antecessorum
647 4211 862 4294 promeruisse
886 4233 950 4276 non
982 4211 1143 4276 videntur.
1167 4209 1202 4275 A
1227 4213 1406 4276 serenitate

222 4310 329 4368 vestra
353 4303 492 4367 clemens
516 4310 549 4366 et
572 4303 750 4384 benignum
775 4321 963 4386 responsum
989 4307 1206 4384 expectamus.

330 4393 488 4458 Eiusdem
512 4392 700 4457 serenitatis
726 4397 851 4455 vestrae

985 4483 1095 4548 fideles
1119 4482 1290 4545 servitores
1314 4486 1347 4543 et

971 4573 1169 4636 devotissimi
1194 4571 1360 4653 capellani.

1269 4697 1300 4744 fl*
