3458 5492
461 453 480 492 A
503 453 625 492 tinem
648 453 707 492 KIR.
730 453 860 492 unorum
883 452 936 492 JOG
963 438 1192 491 roardunrliunz.
1357 431 1420 490 215

346 619 457 686 Solum
491 621 594 703 igitur
629 621 884 703 disquirendum,
919 642 961 684 an
985 641 1076 702 reges
1100 619 1295 703 Hungariae
1318 619 1421 684 simile

239 711 373 792 aliquod
397 711 449 793 jus
472 711 616 775 habeant
640 712 674 775 iu
698 711 863 776 beneficiis
887 707 1116 794 Hungaricis?

345 800 432 864 Mihi
466 801 596 882 quidem
630 801 735 864 multa
766 801 827 865 hac
859 801 900 864 de
932 822 967 864 16
991 800 1165 882 diligenter
1198 798 1421 880 investiganti,

238 888 364 953 nullum
398 891 528 954 omnino
562 890 734 971 vestigium
766 895 904 974 apparet
935 890 1120 972 hujusmodi
1153 889 1234 972 juris
1267 888 1349 970 regii
1389 888 1421 950 in

239 978 423 1061 Hungaria.
434 979 614 1061 Nunquam
624 981 711 1043 enim
721 981 770 1044 vel
785 979 997 1044 historiarum
1014 979 1240 1059 monumentis,
1251 978 1300 1044 vei
1316 977 1422 1041 archi-

239 1090 351 1132 vorum
375 1069 577 1148 testimoniis,
601 1070 652 1132 vel
668 1069 744 1134 ullis
759 1069 859 1134 etiam
874 1068 1044 1132 levissimis
1059 1069 1188 1132 indiciis
1205 1065 1420 1151 deprehendo.

238 1159 325 1240 quod
355 1166 485 1223 mortuo
518 1159 664 1241 praelato
692 1157 904 1241 Strigonium,
937 1155 1087 1240 Agriam,
1121 1158 1336 1232 Varadinum,
1371 1158 1421 1220 vel

238 1247 303 1312 alia
324 1248 396 1312 loca
419 1247 643 1313 thesaurarius
666 1248 716 1312 vel
739 1248 835 1314 fiscus
859 1253 1056 1330 occupasset,
1079 1247 1134 1311 sed
1159 1247 1339 1330 capitulum
1363 1247 1421 1309 ad-

238 1336 438 1426 ministravit
471 1337 640 1420 tantisper,
674 1338 775 1403 donec
807 1339 974 1421 praelatus
1006 1337 1240 1401 nominaretur.
1280 1335 1420 1401 Reditus

238 1433 349 1490 autem
371 1427 504 1492 interim
523 1434 702 1510 perceptos
725 1428 776 1491 vel
790 1427 945 1503 fabricae,
969 1428 1018 1490 vel
1035 1425 1208 1508 egentibus
1223 1425 1421 1508 aplicabant‚

237 1517 287 1580 vel
320 1517 558 1582 successoribus
591 1517 835 1597 conservabant,
861 1517 948 1600 quod
977 1517 1137 1598 hodieque
1161 1516 1195 1580 in
1218 1516 1269 1580 his
1293 1521 1421 1596 septen-

239 1605 434 1670 trionalibus
457 1606 632 1689 provinciis
656 1607 778 1689 ubique
802 1628 863 1671 usu
887 1612 1055 1689 receptum
1080 1606 1235 1669 videmus
1268 1606 1315 1669 Et
1347 1625 1421 1669 cum

236 1697 308 1777 jure
340 1696 502 1760 communi
534 1696 569 1760 id
597 1697 645 1760 ita
668 1696 740 1761 fieri
762 1695 881 1760 debere
904 1702 1041 1775 constat,
1074 1695 1138 1760 nisi
1160 1695 1194 1758 in
1219 1695 1421 1759 eontrarium

237 1784 332 1848 firma
355 1786 550 1850 documenta
572 1786 778 1864 adferantur,
811 1807 873 1849 non
898 1791 1006 1866 potest
1030 1785 1118 1849 salva
1142 1785 1340 1849 conscientia
1363 1805 1421 1847 rex

237 1874 402 1956 percipere
426 1875 583 1957 ejusmodi
609 1875 745 1940 reditus
778 1873 834 1939 Ab
870 1896 930 1939 usu
955 1875 1049 1958 enirn,
1082 1875 1132 1938 vel
1164 1875 1274 1957 potius
1306 1873 1420 1951 abusu,

239 1964 337 2046 quia
370 1964 569 2047 temporibus
603 1965 823 2029 Maximiliaui
856 1965 995 2029 caesaris
1028 1964 1169 2047 irrepsit,
1203 1964 1330 2028 nullum
1362 1959 1420 2045 pro

238 2053 392 2116 salvanda
415 2055 614 2119 conscientia
637 2055 819 2137 exemplum
845 2054 932 2118 trahi
956 2075 1056 2137 posse,
1081 2060 1179 2118 autea
1202 2053 1281 2118 satis
1304 2053 1420 2136 proba-

239 2151 309 2206 tum
334 2150 391 2207 661.

275 2380 304 2430 tk
339 2305 441 2439 ἑΒῖἒοεὶ)
454 2305 551 2358 6116111
578 2307 695 2360 16161161
723 2305 1034 2373 keziratgyfijteme‘nye.
1065 2309 1129 2357 (lod.
1160 2312 1219 2357 269.
1248 2306 1420 2357 2166616-

239 2393 270 2430 ve
307 2395 337 2431 ez
386 2395 429 2445 ap.

766 2648 890 2715 OLIX.

667 2776 761 2872 1646.
786 2808 921 2873 februar
947 2814 996 2873 17.

237 2972 267 3035 Α
291 2969 373 3034 be'csi
396 2967 542 3032 (6661166
565 2966 774 3048 biaouyitaui
798 2967 960 3031 idrekseilc
984 2989 1024 3034 oc
1047 2967 1313 3032 dilomtitlcdrboa
1336 2966 1418 3030 1616-

236 3065 298 3123 6611
322 3058 485 3137 1666161166,
501 3057 584 3139 boqy
600 3077 621 3120 o
637 3077 775 3139 mcqyor
800 3057 925 3139 ata-alpe
949 3077 1024 3122 uem
1048 3057 1129 3121 dicti
1152 3080 1220 3140 orep
1244 3077 1264 3121 o
1289 3057 1419 3120 116666-

526 3146 592 3210 ce'si
609 3145 666 3228 joy
689 3167 710 3210 6
733 3145 880 3211 casanat·
900 3148 1130 3230 puspolcse‘pre.

343 3306 467 3370 Alouni
500 3307 572 3389 capi
601 3307 687 3370 della
717 3307 837 3372 lettera
869 3307 902 3371 di
926 3307 964 3370 F.
998 3304 1154 3370 Giaoomo
1178 3305 1342 3388 Boncarpi
1366 3327 1419 3367 ve-

237 3417 327 3461 scovo
375 3397 527 3476 'Imeria
538 3397 687 3464 Viennae
713 3401 752 3459 19
778 3396 921 3479 Febrajo
947 3401 1041 3460 1646.

345 3486 372 3548 h
397 3508 470 3551 cosa
494 3493 571 3550 nota
597 3487 655 3550 che
675 3487 717 3550 da
741 3487 833 3550 molti
856 3485 935 3550 anni
958 3487 992 3549 in
1018 3490 1083 3568 qua
1107 3486 1215 3549 alcuni
1238 3483 1317 3548 irati
1334 3483 1419 3547 della

237 3576 401 3658 provincia
435 3576 469 3640 di
501 3576 610 3640 Bosna
642 3576 738 3640 mosei
771 3573 828 3658 pih
862 3576 937 3639 (1611
971 3575 1158 3658 ambitione,
1182 3575 1241 3637 che
1264 3573 1319 3636 dal
1342 3573 1418 3650 zelo,

237 3666 380 3730 vadendo
402 3687 465 3730 non
489 3673 583 3748 poter
607 3671 754 3730 ottenere
777 3666 811 3730 in
835 3665 945 3729 Bosna
967 3665 1127 3728 vescovati
1151 3686 1190 3727 ne
1215 3662 1418 3726 coadiutoria

237 3777 310 3820 cum
333 3757 448 3820 futura
471 3756 678 3835 successione,
703 3755 730 3818 si
754 3755 883 3818 voltano
899 3754 951 3818 611
971 3755 1167 3837 imperatore
1191 3752 1417 3818 domandaudo

236 3847 265 3909 16
298 3846 513 3909 nominationi
547 3845 581 3908 di
615 3845 724 3909 Bosna
756 3851 789 3908 et
821 3845 899 3908 altri
927 3844 1096 3923 vescovati,
1121 3843 1211 3926 quali
1242 3849 1417 3924 ottengono

236 3957 295 3998 con
319 3936 420 3999 molta
439 3933 564 3999 facilitb
589 3941 675 3998 sotto
698 3940 850 4016 protesto,
870 3934 929 3997 che
948 3956 1007 3998 sua
1024 3936 1147 3998 maesta
1164 3952 1314 3996 caesarea
1329 3951 1417 3994 come

237 4046 271 4088 re
295 4025 324 4088 (1
351 4024 499 4107 Ungaria
531 4021 653 4088 habbia
676 4024 708 4086 16
732 4023 864 4087 nomina
896 4023 926 4086 d’
960 4045 1027 4088 esso
1061 4028 1227 4086 vescovato
1252 4021 1286 4084 di
1309 4021 1418 4085 Bosna

236 4122 268 4176 et
301 4115 388 4194 altri,
422 4135 542 4195 epure
566 4113 593 4178 si
616 4116 652 4178 61
676 4114 734 4176 che
758 4113 849 4177 detto
882 4116 981 4195 re'gno
1015 4111 1049 4176 di
1074 4113 1183 4177 Bosna
1215 4111 1326 4174 avanti
1359 4111 1417 4173 che

237 4204 318 4268 fosse
351 4210 508 4285 occupato
541 4203 595 4266 dal
629 4202 744 4281 Turco,
770 4202 787 4264 ‘e
810 4208 896 4266 stato
929 4223 1054 4284 sempre
1087 4201 1238 4281 assoluto,
1271 4222 1288 4263 6
1316 4199 1417 4264 diviso

236 4293 311 4356 (1611
337 4293 486 4374 Ungaria
519 4293 730 4375 separandolo
763 4293 787 4356 il
818 4291 916 4356 fiume
949 4289 1041 4369 Savo,
1071 4291 1216 4356 havendo
1240 4290 1264 4353 ii
1286 4292 1417 4372 proprio

236 4405 288 4462 re,
323 4405 387 4447 uon
411 4389 540 4446 estante
564 4383 622 4446 che
646 4381 758 4446 avanti
781 4402 847 4445 una
871 4403 888 4444 o
913 4379 975 4444 due
999 4381 1084 4444 volte
1107 4381 1189 4445 fosse
1213 4386 1300 4444 stato
1324 4401 1417 4444 occu-

236 4479 312 4554 pato
336 4494 353 4536 6
376 4473 548 4555 posseduto
581 4472 677 4536 alcun
711 4477 818 4553 tempo
848 4471 927 4535 delli
950 4492 985 4534 16
1009 4471 1038 4534 (1
1064 4470 1220 4553 Ungaria.
1254 4469 1417 4533 Masei]

236 4569 402 4626 vescovato
420 4562 454 4626 di
473 4563 582 4626 Bosna
605 4561 653 4625 sia
676 4567 762 4626 stato
786 4561 828 4626 da
852 4560 884 4626 S.
908 4557 1044 4626 Stefano
1068 4581 1103 4624 re
1127 4559 1157 4623 d'
1181 4559 1331 4641 Ungaria
1346 4559 1417 4623 fou-
