<?xml version="1.0" encoding="UTF-8"?>
<!DOCTYPE html PUBLIC "-//W3C//DTD XHTML 1.0 Transitional//EN"
    "http://www.w3.org/TR/xhtml1/DTD/xhtml1-transitional.dtd">
<html xmlns="http://www.w3.org/1999/xhtml" xml:lang="en" lang="en">
 <head>
  <title>
</title>
<meta http-equiv="Content-Type" content="text/html;charset=utf-8" />
  <meta name='ocr-system' content='tesseract 3.04.00' />
  <meta name='ocr-capabilities' content='ocr_page ocr_carea ocr_par ocr_line ocrx_word'/>
</head>
<body>
  <div class='ocr_page' id='page_1' title='image "./oklevltramagyar00frakgoog_0339.png"; bbox 0 0 3458 5500; ppageno 0'>
   <div class='ocr_carea' id='block_1_1' title="bbox 282 387 992 448">
    <p class='ocr_par' dir='ltr' id='par_1_1' title="bbox 282 387 992 448">
     <span class='ocr_line' id='line_1_1' title="bbox 282 387 992 448; baseline 0.001 -3"><span class='ocrx_word' id='word_1_1' title='bbox 282 387 346 448; x_wconf 77' lang='lat'>312</span> <span class='ocrx_word' id='word_1_2' title='bbox 507 433 510 442; x_wconf 88' lang='lat'>.</span> <span class='ocrx_word' id='word_1_3' title='bbox 778 394 965 448; x_wconf 78' lang='lat' dir='ltr'>ornrvtnrla</span> <span class='ocrx_word' id='word_1_4' title='bbox 990 439 992 446; x_wconf 93' lang='lat'><em>.</em></span> 
     </span>
    </p>
   </div>
   <div class='ocr_carea' id='block_1_2' title="bbox 221 577 1466 2704">
    <p class='ocr_par' dir='ltr' id='par_1_2' title="bbox 221 577 1466 2704">
     <span class='ocr_line' id='line_1_2' title="bbox 280 577 1466 663; baseline 0.001 -21"><span class='ocrx_word' id='word_1_5' title='bbox 280 579 501 662; x_wconf 89' lang='lat' dir='ltr'>episcopatum</span> <span class='ocrx_word' id='word_1_6' title='bbox 526 579 708 658; x_wconf 81' lang='lat' dir='ltr'><strong>admittere,</strong></span> <span class='ocrx_word' id='word_1_7' title='bbox 743 586 775 643; x_wconf 90' lang='lat' dir='ltr'>et</span> <span class='ocrx_word' id='word_1_8' title='bbox 800 586 868 643; x_wconf 89' lang='lat' dir='ltr'>tam</span> <span class='ocrx_word' id='word_1_9' title='bbox 891 579 1055 662; x_wconf 89' lang='lat' dir='ltr'>copiosum</span> <span class='ocrx_word' id='word_1_10' title='bbox 1084 579 1248 663; x_wconf 89' lang='lat' dir='ltr'>populum,</span> <span class='ocrx_word' id='word_1_11' title='bbox 1283 577 1466 660; x_wconf 90' lang='lat' dir='ltr'>cuiuspiam</span> 
     </span>
     <span class='ocr_line' id='line_1_3' title="bbox 279 668 1466 752; baseline 0 -20"><span class='ocrx_word' id='word_1_12' title='bbox 279 669 415 734; x_wconf 89' lang='lat' dir='ltr'>anobis</span> <span class='ocrx_word' id='word_1_13' title='bbox 440 689 504 732; x_wconf 91' lang='lat' dir='ltr'>non</span> <span class='ocrx_word' id='word_1_14' title='bbox 528 668 687 732; x_wconf 91' lang='lat' dir='ltr'>nominati</span> <span class='ocrx_word' id='word_1_15' title='bbox 712 668 817 752; x_wconf 90' lang='lat' dir='ltr'>ignoti</span> <span class='ocrx_word' id='word_1_16' title='bbox 842 674 875 732; x_wconf 91' lang='lat' dir='ltr'>et</span> <span class='ocrx_word' id='word_1_17' title='bbox 899 669 1099 751; x_wconf 80' lang='lat' dir='ltr'>alienigenae</span> <span class='ocrx_word' id='word_1_18' title='bbox 1128 668 1302 732; x_wconf 87' lang='lat' dir='ltr'>directioni</span> <span class='ocrx_word' id='word_1_19' title='bbox 1336 689 1466 732; x_wconf 90' lang='lat' dir='ltr'>concre-</span> 
     </span>
     <span class='ocr_line' id='line_1_4' title="bbox 278 758 1464 842; baseline -0.002 -20"><span class='ocrx_word' id='word_1_20' title='bbox 278 758 355 823; x_wconf 90' lang='lat' dir='ltr'>dere</span> <span class='ocrx_word' id='word_1_21' title='bbox 394 779 610 842; x_wconf 72' lang='lat' dir='ltr'>nequeamus,</span> <span class='ocrx_word' id='word_1_22' title='bbox 649 759 726 822; x_wconf 91' lang='lat' dir='ltr'>hinc</span> <span class='ocrx_word' id='word_1_23' title='bbox 765 780 925 841; x_wconf 81' lang='lat' dir='ltr'>quaenam</span> <span class='ocrx_word' id='word_1_24' title='bbox 964 759 1031 822; x_wconf 90' lang='lat' dir='ltr'>sint</span> <span class='ocrx_word' id='word_1_25' title='bbox 1076 765 1211 822; x_wconf 88' lang='lat' dir='ltr'>eatenus</span> <span class='ocrx_word' id='word_1_26' title='bbox 1247 759 1331 822; x_wconf 89' lang='lat' dir='ltr'>aliae</span> <span class='ocrx_word' id='word_1_27' title='bbox 1363 758 1464 822; x_wconf 88' lang='lat' dir='ltr'>etiam</span> 
     </span>
     <span class='ocr_line' id='line_1_5' title="bbox 278 847 1466 930; baseline -0.002 -18"><span class='ocrx_word' id='word_1_28' title='bbox 278 847 424 914; x_wconf 85' lang='lat' dir='ltr'>rationes</span> <span class='ocrx_word' id='word_1_29' title='bbox 457 855 489 911; x_wconf 92' lang='lat' dir='ltr'>et</span> <span class='ocrx_word' id='word_1_30' title='bbox 523 868 540 910; x_wconf 90' lang='grc'>1</span> <span class='ocrx_word' id='word_1_31' title='bbox 573 854 686 912; x_wconf 90' lang='lat' dir='ltr'>contra</span> <span class='ocrx_word' id='word_1_32' title='bbox 725 848 868 930; x_wconf 89' lang='lat' dir='ltr'>benigna</span> <span class='ocrx_word' id='word_1_33' title='bbox 907 870 997 912; x_wconf 90' lang='lat' dir='ltr'>mens</span> <span class='ocrx_word' id='word_1_34' title='bbox 1029 853 1062 910; x_wconf 88' lang='lat' dir='ltr'>et</span> <span class='ocrx_word' id='word_1_35' title='bbox 1095 848 1235 912; x_wconf 88' lang='lat' dir='ltr'>intentio</span> <span class='ocrx_word' id='word_1_36' title='bbox 1272 854 1392 927; x_wconf 89' lang='lat' dir='ltr'>nostra,</span> <span class='ocrx_word' id='word_1_37' title='bbox 1426 868 1466 910; x_wconf 85' lang='lat' dir='ltr'>ex</span> 
     </span>
     <span class='ocr_line' id='line_1_6' title="bbox 278 937 1419 1020; baseline 0 -20"><span class='ocrx_word' id='word_1_38' title='bbox 278 937 404 1002; x_wconf 88' lang='lat' dir='ltr'>inclusa</span> <span class='ocrx_word' id='word_1_39' title='bbox 428 937 660 1001; x_wconf 82' lang='lat' dir='ltr'>informatione</span> <span class='ocrx_word' id='word_1_40' title='bbox 684 937 822 1001; x_wconf 89' lang='lat' dir='ltr'>ulterius</span> <span class='ocrx_word' id='word_1_41' title='bbox 846 944 1041 1020; x_wconf 79' lang='lat' dir='ltr'>perceptura</span> <span class='ocrx_word' id='word_1_42' title='bbox 1064 943 1114 1002; x_wconf 88' lang='lat' dir='ltr'>est</span> <span class='ocrx_word' id='word_1_43' title='bbox 1136 937 1278 1002; x_wconf 91' lang='lat' dir='ltr'>fidelitas</span> <span class='ocrx_word' id='word_1_44' title='bbox 1302 944 1419 1001; x_wconf 87' lang='lat' dir='ltr'>vestra.</span> 
     </span>
     <span class='ocr_line' id='line_1_7' title="bbox 221 1024 1465 1110; baseline -0.001 -20"><span class='ocrx_word' id='word_1_45' title='bbox 221 1027 224 1030; x_wconf 74' lang='grc'><strong>’</strong></span> <span class='ocrx_word' id='word_1_46' title='bbox 387 1024 596 1110; x_wconf 77' lang='lat' dir='ltr'>Quapropter</span> <span class='ocrx_word' id='word_1_47' title='bbox 620 1027 724 1091; x_wconf 91' lang='lat' dir='ltr'>eidem</span> <span class='ocrx_word' id='word_1_48' title='bbox 748 1028 887 1110; x_wconf 87' lang='lat' dir='ltr'>benigne</span> <span class='ocrx_word' id='word_1_49' title='bbox 912 1028 1154 1106; x_wconf 84' lang='lat' dir='ltr'>committimus,</span> <span class='ocrx_word' id='word_1_50' title='bbox 1188 1033 1350 1110; x_wconf 89' lang='lat' dir='ltr'>quatenus</span> <span class='ocrx_word' id='word_1_51' title='bbox 1373 1047 1465 1109; x_wconf 90' lang='lat' dir='ltr'>prae-</span> 
     </span>
     <span class='ocr_line' id='line_1_8' title="bbox 280 1116 1465 1200; baseline 0.002 -22"><span class='ocrx_word' id='word_1_52' title='bbox 280 1120 411 1182; x_wconf 89' lang='lat' dir='ltr'>notatas</span> <span class='ocrx_word' id='word_1_53' title='bbox 434 1118 586 1196; x_wconf 89' lang='lat' dir='ltr'>rationes,</span> <span class='ocrx_word' id='word_1_54' title='bbox 604 1116 954 1200; x_wconf 89' lang='lat' dir='ltr'>clementissimamque</span> <span class='ocrx_word' id='word_1_55' title='bbox 977 1117 1193 1182; x_wconf 87' lang='lat' dir='ltr'>intentionem</span> <span class='ocrx_word' id='word_1_56' title='bbox 1218 1123 1363 1180; x_wconf 85' lang='lat' dir='ltr'>nostram</span> <span class='ocrx_word' id='word_1_57' title='bbox 1387 1137 1465 1181; x_wconf 90' lang='lat' dir='ltr'>suae</span> 
     </span>
     <span class='ocr_line' id='line_1_9' title="bbox 279 1205 1465 1288; baseline -0.002 -18"><span class='ocrx_word' id='word_1_58' title='bbox 279 1206 450 1270; x_wconf 83' lang='lat' dir='ltr'>sanctitati</span> <span class='ocrx_word' id='word_1_59' title='bbox 474 1205 650 1270; x_wconf 88' lang='lat' dir='ltr'>efficaciter</span> <span class='ocrx_word' id='word_1_60' title='bbox 683 1213 936 1288; x_wconf 88' lang='lat' dir='ltr'>repraesentare,</span> <span class='ocrx_word' id='word_1_61' title='bbox 970 1207 1064 1270; x_wconf 91' lang='lat' dir='ltr'>acin</span> <span class='ocrx_word' id='word_1_62' title='bbox 1089 1228 1124 1270; x_wconf 89' lang='lat' dir='ltr'>eo</span> <span class='ocrx_word' id='word_1_63' title='bbox 1148 1227 1189 1270; x_wconf 91' lang='lat' dir='ltr'>ne</span> <span class='ocrx_word' id='word_1_64' title='bbox 1213 1207 1254 1270; x_wconf 93' lang='lat' dir='ltr'>ad</span> <span class='ocrx_word' id='word_1_65' title='bbox 1278 1205 1465 1288; x_wconf 80' lang='lat' dir='ltr'>praefatum</span> 
     </span>
     <span class='ocr_line' id='line_1_10' title="bbox 279 1295 1464 1379; baseline 0 -21"><span class='ocrx_word' id='word_1_66' title='bbox 279 1295 501 1378; x_wconf 89' lang='lat' dir='ltr'>episcopatum</span> <span class='ocrx_word' id='word_1_67' title='bbox 535 1295 696 1379; x_wconf 81' lang='lat' dir='ltr'>quispiam</span> <span class='ocrx_word' id='word_1_68' title='bbox 735 1296 828 1376; x_wconf 87' lang='lat' dir='ltr'>alius,</span> <span class='ocrx_word' id='word_1_69' title='bbox 868 1318 963 1378; x_wconf 92' lang='lat' dir='ltr'>quem</span> <span class='ocrx_word' id='word_1_70' title='bbox 1002 1296 1151 1361; x_wconf 89' lang='lat' dir='ltr'>absolute</span> <span class='ocrx_word' id='word_1_71' title='bbox 1191 1303 1361 1378; x_wconf 90' lang='lat' dir='ltr'>acceptare</span> <span class='ocrx_word' id='word_1_72' title='bbox 1400 1316 1464 1359; x_wconf 91' lang='lat' dir='ltr'>non</span> 
     </span>
     <span class='ocr_line' id='line_1_11' title="bbox 278 1385 1465 1468; baseline 0 -20"><span class='ocrx_word' id='word_1_73' title='bbox 278 1405 456 1467; x_wconf 88' lang='lat' dir='ltr'>possumus,</span> <span class='ocrx_word' id='word_1_74' title='bbox 494 1385 537 1450; x_wconf 91' lang='lat' dir='ltr'>ad</span> <span class='ocrx_word' id='word_1_75' title='bbox 570 1385 758 1449; x_wconf 89' lang='lat' dir='ltr'>evitandum</span> <span class='ocrx_word' id='word_1_76' title='bbox 799 1386 898 1450; x_wconf 90' lang='lat' dir='ltr'>etiam</span> <span class='ocrx_word' id='word_1_77' title='bbox 931 1388 965 1450; x_wconf 90' lang='lat' dir='ltr'>in</span> <span class='ocrx_word' id='word_1_78' title='bbox 997 1386 1115 1468; x_wconf 89' lang='lat' dir='ltr'>populo</span> <span class='ocrx_word' id='word_1_79' title='bbox 1151 1385 1350 1464; x_wconf 86' lang='lat' dir='ltr'>scandalum,</span> <span class='ocrx_word' id='word_1_80' title='bbox 1391 1405 1465 1448; x_wconf 82' lang='lat' dir='ltr'>cunr</span> 
     </span>
     <span class='ocr_line' id='line_1_12' title="bbox 277 1475 1464 1556; baseline -0.001 -18"><span class='ocrx_word' id='word_1_81' title='bbox 277 1475 512 1556; x_wconf 87' lang='lat' dir='ltr'>prostitutione</span> <span class='ocrx_word' id='word_1_82' title='bbox 544 1475 735 1539; x_wconf 87' lang='lat' dir='ltr'>autoritatis</span> <span class='ocrx_word' id='word_1_83' title='bbox 759 1481 792 1539; x_wconf 94' lang='lat' dir='ltr'>et</span> <span class='ocrx_word' id='word_1_84' title='bbox 815 1475 998 1540; x_wconf 89' lang='lat' dir='ltr'>collationis</span> <span class='ocrx_word' id='word_1_85' title='bbox 1022 1482 1152 1540; x_wconf 89' lang='lat' dir='ltr'>nostrae</span> <span class='ocrx_word' id='word_1_86' title='bbox 1176 1475 1285 1556; x_wconf 85' lang='lat' dir='ltr'>regiae</span> <span class='ocrx_word' id='word_1_87' title='bbox 1312 1475 1464 1538; x_wconf 80' lang='grc'><strong>11111111-</strong></span> 
     </span>
     <span class='ocr_line' id='line_1_13' title="bbox 280 1565 1464 1644; baseline 0.001 -18"><span class='ocrx_word' id='word_1_88' title='bbox 280 1569 343 1644; x_wconf 88' lang='lat' dir='ltr'>tur,</span> <span class='ocrx_word' id='word_1_89' title='bbox 383 1566 481 1628; x_wconf 88' lang='lat' dir='ltr'>etiam</span> <span class='ocrx_word' id='word_1_90' title='bbox 521 1585 596 1626; x_wconf 91' lang='lat' dir='ltr'>cum</span> <span class='ocrx_word' id='word_1_91' title='bbox 634 1565 776 1628; x_wconf 89' lang='lat' dir='ltr'>evidenti</span> <span class='ocrx_word' id='word_1_92' title='bbox 815 1565 995 1629; x_wconf 90' lang='lat' dir='ltr'>multarum</span> <span class='ocrx_word' id='word_1_93' title='bbox 1035 1570 1247 1629; x_wconf 81' lang='lat' dir='ltr'>centenorum</span> <span class='ocrx_word' id='word_1_94' title='bbox 1279 1565 1464 1628; x_wconf 89' lang='lat' dir='ltr'>animarum</span> 
     </span>
     <span class='ocr_line' id='line_1_14' title="bbox 278 1654 1463 1737; baseline -0.001 -20"><span class='ocrx_word' id='word_1_95' title='bbox 278 1654 431 1736; x_wconf 87' lang='lat' dir='ltr'>periculo,</span> <span class='ocrx_word' id='word_1_96' title='bbox 456 1654 542 1717; x_wconf 91' lang='lat' dir='ltr'>idem</span> <span class='ocrx_word' id='word_1_97' title='bbox 566 1655 770 1736; x_wconf 87' lang='lat' dir='ltr'>episcopatus</span> <span class='ocrx_word' id='word_1_98' title='bbox 793 1654 939 1736; x_wconf 90' lang='lat' dir='ltr'>legitimo</span> <span class='ocrx_word' id='word_1_99' title='bbox 963 1661 1094 1737; x_wconf 89' lang='lat' dir='ltr'>pastore</span> <span class='ocrx_word' id='word_1_100' title='bbox 1111 1655 1237 1718; x_wconf 89' lang='lat' dir='ltr'>diutius</span> <span class='ocrx_word' id='word_1_101' title='bbox 1254 1655 1463 1732; x_wconf 88' lang='lat' dir='ltr'>destituatur,</span> 
     </span>
     <span class='ocr_line' id='line_1_15' title="bbox 279 1743 1464 1828; baseline 0 -22"><span class='ocrx_word' id='word_1_102' title='bbox 279 1743 425 1826; x_wconf 89' lang='lat' dir='ltr'>adeoque</span> <span class='ocrx_word' id='word_1_103' title='bbox 449 1749 487 1806; x_wconf 91' lang='lat' dir='ltr'>ut</span> <span class='ocrx_word' id='word_1_104' title='bbox 510 1743 597 1806; x_wconf 92' lang='lat' dir='ltr'>idem</span> <span class='ocrx_word' id='word_1_105' title='bbox 621 1743 739 1808; x_wconf 90' lang='lat' dir='ltr'>titulus</span> <span class='ocrx_word' id='word_1_106' title='bbox 758 1745 967 1828; x_wconf 86' lang='lat' dir='ltr'>episcopatus</span> <span class='ocrx_word' id='word_1_107' title='bbox 991 1743 1255 1809; x_wconf 84' lang='lat' dir='ltr'>Monkacsiensis</span> <span class='ocrx_word' id='word_1_108' title='bbox 1286 1743 1464 1808; x_wconf 87' lang='lat' dir='ltr'>sufficienti</span> 
     </span>
     <span class='ocr_line' id='line_1_16' title="bbox 279 1831 1462 1917; baseline 0.001 -22"><span class='ocrx_word' id='word_1_109' title='bbox 279 1853 390 1897; x_wconf 89' lang='lat' dir='ltr'>mensa</span> <span class='ocrx_word' id='word_1_110' title='bbox 412 1833 567 1915; x_wconf 89' lang='lat' dir='ltr'>provisus,</span> <span class='ocrx_word' id='word_1_111' title='bbox 591 1853 649 1915; x_wconf 91' lang='lat' dir='ltr'>pro</span> <span class='ocrx_word' id='word_1_112' title='bbox 674 1831 801 1897; x_wconf 81' lang='lat' dir='ltr'>Graeco</span> <span class='ocrx_word' id='word_1_113' title='bbox 829 1835 898 1898; x_wconf 91' lang='lat' dir='ltr'>ritu</span> <span class='ocrx_word' id='word_1_114' title='bbox 925 1835 1024 1898; x_wconf 88' lang='lat' dir='ltr'>semel</span> <span class='ocrx_word' id='word_1_115' title='bbox 1056 1855 1115 1917; x_wconf 93' lang='lat' dir='ltr'>pro</span> <span class='ocrx_word' id='word_1_116' title='bbox 1140 1855 1266 1916; x_wconf 91' lang='lat' dir='ltr'>semper</span> <span class='ocrx_word' id='word_1_117' title='bbox 1289 1833 1462 1914; x_wconf 88' lang='lat' dir='ltr'>acceptari,</span> 
     </span>
     <span class='ocr_line' id='line_1_17' title="bbox 278 1922 1463 2000; baseline 0 -14"><span class='ocrx_word' id='word_1_118' title='bbox 278 1927 312 1986; x_wconf 91' lang='lat' dir='ltr'>et</span> <span class='ocrx_word' id='word_1_119' title='bbox 335 1923 369 1986; x_wconf 92' lang='lat' dir='ltr'>in</span> <span class='ocrx_word' id='word_1_120' title='bbox 393 1922 548 1986; x_wconf 86' lang='lat' dir='ltr'>eximium</span> <span class='ocrx_word' id='word_1_121' title='bbox 572 1923 770 1987; x_wconf 85' lang='lat' dir='ltr'>orthodoxae</span> <span class='ocrx_word' id='word_1_122' title='bbox 793 1923 869 1988; x_wconf 88' lang='lat' dir='ltr'>fidei</span> <span class='ocrx_word' id='word_1_123' title='bbox 886 1930 919 1986; x_wconf 97' lang='grc'>11</span> <span class='ocrx_word' id='word_1_124' title='bbox 934 1924 1064 1987; x_wconf 90' lang='lat' dir='ltr'>unionis</span> <span class='ocrx_word' id='word_1_125' title='bbox 1087 1925 1333 2000; x_wconf 82' lang='lat' dir='ltr'>incrementum,</span> <span class='ocrx_word' id='word_1_126' title='bbox 1358 1943 1463 1986; x_wconf 85' lang='lat' dir='ltr'>exem-</span> 
     </span>
     <span class='ocr_line' id='line_1_18' title="bbox 278 2011 1463 2096; baseline 0.002 -22"><span class='ocrx_word' id='word_1_127' title='bbox 278 2011 332 2094; x_wconf 92' lang='lat' dir='ltr'>plo</span> <span class='ocrx_word' id='word_1_128' title='bbox 365 2013 569 2094; x_wconf 88' lang='lat' dir='ltr'>episcopatus</span> <span class='ocrx_word' id='word_1_129' title='bbox 601 2011 841 2093; x_wconf 80' lang='lat' dir='ltr'>Svidniciensis,</span> <span class='ocrx_word' id='word_1_130' title='bbox 881 2033 953 2077; x_wconf 90' lang='lat' dir='ltr'>cum</span> <span class='ocrx_word' id='word_1_131' title='bbox 991 2013 1209 2096; x_wconf 89' lang='lat' dir='ltr'>dependentia</span> <span class='ocrx_word' id='word_1_132' title='bbox 1241 2012 1283 2075; x_wconf 92' lang='lat' dir='ltr'>ab</span> <span class='ocrx_word' id='word_1_133' title='bbox 1316 2013 1463 2095; x_wconf 90' lang='lat' dir='ltr'>episcopo</span> 
     </span>
     <span class='ocr_line' id='line_1_19' title="bbox 279 2099 1463 2185; baseline -0.001 -20"><span class='ocrx_word' id='word_1_134' title='bbox 279 2099 436 2184; x_wconf 87' lang='lat' dir='ltr'>Agriensi</span> <span class='ocrx_word' id='word_1_135' title='bbox 468 2103 662 2182; x_wconf 88' lang='lat' dir='ltr'>canonisari,</span> <span class='ocrx_word' id='word_1_136' title='bbox 694 2124 731 2166; x_wconf 93' lang='lat' dir='ltr'>ac</span> <span class='ocrx_word' id='word_1_137' title='bbox 765 2125 823 2185; x_wconf 87' lang='lat' dir='ltr'>per</span> <span class='ocrx_word' id='word_1_138' title='bbox 847 2125 904 2166; x_wconf 91' lang='lat' dir='ltr'>nos</span> <span class='ocrx_word' id='word_1_139' title='bbox 928 2108 1156 2185; x_wconf 88' lang='lat' dir='ltr'>praesentatus</span> <span class='ocrx_word' id='word_1_140' title='bbox 1180 2101 1206 2166; x_wconf 84' lang='lat' dir='ltr'><strong>J</strong></span> <span class='ocrx_word' id='word_1_141' title='bbox 1208 2122 1326 2166; x_wconf 90' lang='lat' dir='ltr'>oannes</span> <span class='ocrx_word' id='word_1_142' title='bbox 1350 2101 1463 2165; x_wconf 91' lang='lat' dir='ltr'>Hade-</span> 
     </span>
     <span class='ocr_line' id='line_1_20' title="bbox 279 2191 1462 2274; baseline 0.001 -20"><span class='ocrx_word' id='word_1_143' title='bbox 279 2191 428 2274; x_wconf 78' lang='lat' dir='ltr'>marszlry</span> <span class='ocrx_word' id='word_1_144' title='bbox 462 2191 504 2255; x_wconf 90' lang='lat' dir='ltr'>ad</span> <span class='ocrx_word' id='word_1_145' title='bbox 537 2191 675 2255; x_wconf 90' lang='lat' dir='ltr'>eundem</span> <span class='ocrx_word' id='word_1_146' title='bbox 710 2193 844 2256; x_wconf 91' lang='lat' dir='ltr'>titulum</span> <span class='ocrx_word' id='word_1_147' title='bbox 878 2192 1063 2256; x_wconf 89' lang='lat' dir='ltr'>confirmari</span> <span class='ocrx_word' id='word_1_148' title='bbox 1089 2198 1121 2256; x_wconf 92' lang='lat' dir='ltr'>et</span> <span class='ocrx_word' id='word_1_149' title='bbox 1147 2193 1329 2257; x_wconf 91' lang='lat' dir='ltr'>consecrari</span> <span class='ocrx_word' id='word_1_150' title='bbox 1353 2192 1462 2274; x_wconf 90' lang='lat' dir='ltr'>possit,</span> 
     </span>
     <span class='ocr_line' id='line_1_21' title="bbox 279 2280 1463 2365; baseline 0.001 -22"><span class='ocrx_word' id='word_1_151' title='bbox 279 2281 462 2345; x_wconf 90' lang='lat' dir='ltr'>omnimode</span> <span class='ocrx_word' id='word_1_152' title='bbox 484 2280 678 2361; x_wconf 88' lang='lat' dir='ltr'>allaborare,</span> <span class='ocrx_word' id='word_1_153' title='bbox 698 2289 731 2346; x_wconf 92' lang='lat' dir='ltr'>et</span> <span class='ocrx_word' id='word_1_154' title='bbox 749 2304 808 2364; x_wconf 91' lang='lat' dir='ltr'>pro</span> <span class='ocrx_word' id='word_1_155' title='bbox 832 2288 998 2365; x_wconf 89' lang='lat' dir='ltr'>comperta</span> <span class='ocrx_word' id='word_1_156' title='bbox 1017 2281 1215 2347; x_wconf 87' lang='lat' dir='ltr'>dexteritate</span> <span class='ocrx_word' id='word_1_157' title='bbox 1239 2301 1298 2344; x_wconf 90' lang='lat' dir='ltr'>sua</span> <span class='ocrx_word' id='word_1_158' title='bbox 1321 2281 1463 2363; x_wconf 88' lang='lat' dir='ltr'>idipsum</span> 
     </span>
     <span class='ocr_line' id='line_1_22' title="bbox 254 2368 1463 2452; baseline 0.001 -19"><span class='ocrx_word' id='word_1_159' title='bbox 254 2369 406 2452; x_wconf 22' lang='lat' dir='ltr'>,efficere</span> <span class='ocrx_word' id='word_1_160' title='bbox 439 2371 526 2450; x_wconf 89' lang='lat' dir='ltr'>velit,</span> <span class='ocrx_word' id='word_1_161' title='bbox 559 2391 618 2434; x_wconf 89' lang='lat' dir='ltr'>neo</span> <span class='ocrx_word' id='word_1_162' title='bbox 649 2371 852 2436; x_wconf 90' lang='lat' dir='ltr'>intermittat</span> <span class='ocrx_word' id='word_1_163' title='bbox 884 2372 997 2436; x_wconf 92' lang='lat' dir='ltr'>eadem</span> <span class='ocrx_word' id='word_1_164' title='bbox 1029 2371 1171 2436; x_wconf 88' lang='lat' dir='ltr'>fidelitas</span> <span class='ocrx_word' id='word_1_165' title='bbox 1204 2376 1319 2435; x_wconf 89' lang='lat' dir='ltr'>vestra.</span> <span class='ocrx_word' id='word_1_166' title='bbox 1356 2368 1463 2452; x_wconf 74' lang='lat' dir='ltr'>Quam</span> 
     </span>
     <span class='ocr_line' id='line_1_23' title="bbox 279 2461 1463 2544; baseline 0.002 -22"><span class='ocrx_word' id='word_1_167' title='bbox 279 2481 336 2524; x_wconf 89' lang='lat' dir='ltr'>nos</span> <span class='ocrx_word' id='word_1_168' title='bbox 369 2461 478 2543; x_wconf 90' lang='lat' dir='ltr'>gratia</span> <span class='ocrx_word' id='word_1_169' title='bbox 510 2466 622 2524; x_wconf 88' lang='lat' dir='ltr'>nostra</span> <span class='ocrx_word' id='word_1_170' title='bbox 656 2481 804 2525; x_wconf 84' lang='lat' dir='ltr'>caesareo</span> <span class='ocrx_word' id='word_1_171' title='bbox 836 2463 927 2543; x_wconf 91' lang='lat' dir='ltr'>regia</span> <span class='ocrx_word' id='word_1_172' title='bbox 950 2461 1090 2542; x_wconf 89' lang='lat' dir='ltr'>benigne</span> <span class='ocrx_word' id='word_1_173' title='bbox 1113 2461 1301 2544; x_wconf 82' lang='lat' dir='ltr'>jugiterque</span> <span class='ocrx_word' id='word_1_174' title='bbox 1326 2461 1463 2542; x_wconf 90' lang='lat' dir='ltr'>comple-</span> 
     </span>
     <span class='ocr_line' id='line_1_24' title="bbox 279 2548 1462 2615; baseline -0.001 -2"><span class='ocrx_word' id='word_1_175' title='bbox 279 2549 408 2614; x_wconf 88' lang='lat' dir='ltr'>ctimur.</span> <span class='ocrx_word' id='word_1_176' title='bbox 432 2548 558 2613; x_wconf 87' lang='lat' dir='ltr'>Datum</span> <span class='ocrx_word' id='word_1_177' title='bbox 581 2551 616 2613; x_wconf 91' lang='lat' dir='ltr'>in</span> <span class='ocrx_word' id='word_1_178' title='bbox 641 2550 774 2614; x_wconf 83' lang='lat' dir='ltr'>civitate</span> <span class='ocrx_word' id='word_1_179' title='bbox 798 2557 910 2615; x_wconf 88' lang='lat' dir='ltr'>nostra</span> <span class='ocrx_word' id='word_1_180' title='bbox 933 2550 1064 2615; x_wconf 90' lang='lat' dir='ltr'>Vienna</span> <span class='ocrx_word' id='word_1_181' title='bbox 1088 2550 1247 2614; x_wconf 85' lang='lat' dir='ltr'>Austriae</span> <span class='ocrx_word' id='word_1_182' title='bbox 1271 2549 1305 2613; x_wconf 89' lang='lat' dir='ltr'>di</span> <span class='ocrx_word' id='word_1_183' title='bbox 1331 2554 1348 2612; x_wconf 89' lang='lat'>5</span> <span class='ocrx_word' id='word_1_184' title='bbox 1374 2570 1462 2613; x_wconf 90' lang='lat' dir='ltr'>men·</span> 
     </span>
     <span class='ocr_line' id='line_1_25' title="bbox 278 2639 877 2704; baseline 0 -1"><span class='ocrx_word' id='word_1_185' title='bbox 278 2639 322 2703; x_wconf 88' lang='lat' dir='ltr'>sis</span> <span class='ocrx_word' id='word_1_186' title='bbox 345 2639 501 2703; x_wconf 80' lang='lat' dir='ltr'>Januarii</span> <span class='ocrx_word' id='word_1_187' title='bbox 525 2661 611 2703; x_wconf 90' lang='lat' dir='ltr'>anno</span> <span class='ocrx_word' id='word_1_188' title='bbox 634 2641 757 2704; x_wconf 91' lang='lat' dir='ltr'>domini</span> <span class='ocrx_word' id='word_1_189' title='bbox 784 2645 877 2704; x_wconf 86' lang='lat'>1711.</span> 
     </span>
    </p>
   </div>
   <div class='ocr_carea' id='block_1_3' title="bbox 386 2797 1141 2864">
    <p class='ocr_par' dir='ltr' id='par_1_3' title="bbox 386 2797 1141 2864">
     <span class='ocr_line' id='line_1_26' title="bbox 386 2797 1141 2864; baseline 0.003 -16"><span class='ocrx_word' id='word_1_190' title='bbox 386 2798 531 2864; x_wconf 79' lang='lat' dir='ltr'>(Egykoru</span> <span class='ocrx_word' id='word_1_191' title='bbox 549 2799 686 2850; x_wconf 81' lang='grc'><strong>1111111111</strong></span> <span class='ocrx_word' id='word_1_192' title='bbox 705 2813 721 2849; x_wconf 86' lang='grc'>1</span> <span class='ocrx_word' id='word_1_193' title='bbox 740 2797 814 2850; x_wconf 79' lang='lat' dir='ltr'>bessi</span> <span class='ocrx_word' id='word_1_194' title='bbox 832 2798 929 2851; x_wconf 81' lang='grc'><strong>1111111</strong></span> <span class='ocrx_word' id='word_1_195' title='bbox 949 2799 1141 2860; x_wconf 71' lang='lat' dir='ltr'>leve‘ltarban.)</span> 
     </span>
    </p>
   </div>
   <div class='ocr_carea' id='block_1_4' title="bbox 721 3139 1032 3366">
    <p class='ocr_par' dir='ltr' id='par_1_4' title="bbox 721 3139 1032 3366">
     <span class='ocr_line' id='line_1_27' title="bbox 814 3139 931 3206; baseline -0.017 0"><span class='ocrx_word' id='word_1_196' title='bbox 814 3139 931 3206; x_wconf 83' lang='lat' dir='ltr'><strong>OOIV.</strong></span> 
     </span>
     <span class='ocr_line' id='line_1_28' title="bbox 721 3301 1032 3366; baseline 0.006 -2"><span class='ocrx_word' id='word_1_197' title='bbox 721 3305 815 3366; x_wconf 85' lang='lat'>1711.</span> <span class='ocrx_word' id='word_1_198' title='bbox 841 3301 977 3366; x_wconf 82' lang='lat' dir='ltr'>oktober</span> <span class='ocrx_word' id='word_1_199' title='bbox 1004 3309 1032 3366; x_wconf 88' lang='lat'>3.</span> 
     </span>
    </p>
   </div>
   <div class='ocr_carea' id='block_1_5' title="bbox 279 3458 1462 3725">
    <p class='ocr_par' dir='ltr' id='par_1_5' title="bbox 279 3458 1462 3725">
     <span class='ocr_line' id='line_1_29' title="bbox 279 3458 1462 3548; baseline 0.003 -25"><span class='ocrx_word' id='word_1_200' title='bbox 279 3459 310 3523; x_wconf 84' lang='lat' dir='ltr'><strong><em>A</em></strong></span> <span class='ocrx_word' id='word_1_201' title='bbox 334 3458 415 3523; x_wconf 74' lang='lat' dir='ltr'>hersi</span> <span class='ocrx_word' id='word_1_202' title='bbox 439 3461 585 3524; x_wconf 80' lang='grc'><strong>1111111111</strong></span> <span class='ocrx_word' id='word_1_203' title='bbox 601 3461 721 3543; x_wconf 80' lang='lat' dir='ltr'>jeleuti</span> <span class='ocrx_word' id='word_1_204' title='bbox 745 3482 785 3526; x_wconf 76' lang='lat' dir='ltr'>aa</span> <span class='ocrx_word' id='word_1_205' title='bbox 808 3463 1091 3542; x_wconf 78' lang='grc'><strong>1111111111111111,</strong></span> <span class='ocrx_word' id='word_1_206' title='bbox 1115 3465 1198 3548; x_wconf 70' lang='lat' dir='ltr'>kopp</span> <span class='ocrx_word' id='word_1_207' title='bbox 1217 3463 1362 3529; x_wconf 80' lang='lat' dir='ltr'>Be&#39;csbea</span> <span class='ocrx_word' id='word_1_208' title='bbox 1387 3483 1462 3528; x_wconf 78' lang='lat' dir='ltr'>aem</span> 
     </span>
     <span class='ocr_line' id='line_1_30' title="bbox 279 3549 1462 3638; baseline 0.003 -26"><span class='ocrx_word' id='word_1_209' title='bbox 279 3549 434 3614; x_wconf 79' lang='lat' dir='ltr'>akaraulc</span> <span class='ocrx_word' id='word_1_210' title='bbox 458 3551 647 3616; x_wconf 82' lang='lat' dir='ltr'>lemoudaai</span> <span class='ocrx_word' id='word_1_211' title='bbox 671 3553 770 3630; x_wconf 80' lang='grc'><strong>11111,</strong></span> <span class='ocrx_word' id='word_1_212' title='bbox 794 3552 877 3636; x_wconf 75' lang='lat' dir='ltr'>kopp</span> <span class='ocrx_word' id='word_1_213' title='bbox 903 3553 1138 3618; x_wconf 71' lang='lat' dir='ltr'>Hodcmursalu‘</span> <span class='ocrx_word' id='word_1_214' title='bbox 1167 3555 1281 3638; x_wconf 77' lang='lat' dir='ltr'>leqpea</span> <span class='ocrx_word' id='word_1_215' title='bbox 1313 3553 1462 3618; x_wconf 77' lang='grc'><strong>1111111111-</strong></span> 
     </span>
     <span class='ocr_line' id='line_1_31' title="bbox 670 3643 1069 3725; baseline 0 -20"><span class='ocrx_word' id='word_1_216' title='bbox 670 3660 745 3705; x_wconf 80' lang='grc'><strong>11111</strong></span> <span class='ocrx_word' id='word_1_217' title='bbox 770 3643 903 3722; x_wconf 79' lang='lat' dir='ltr'>apostoli</span> <span class='ocrx_word' id='word_1_218' title='bbox 919 3643 1069 3725; x_wconf 76' lang='lat' dir='ltr'>helyudlc.</span> 
     </span>
    </p>
   </div>
   <div class='ocr_carea' id='block_1_6' title="bbox 277 3801 1462 4600">
    <p class='ocr_par' dir='ltr' id='par_1_6' title="bbox 277 3801 1462 4600">
     <span class='ocr_line' id='line_1_32' title="bbox 386 3801 1462 3887; baseline 0 -21"><span class='ocrx_word' id='word_1_219' title='bbox 386 3801 461 3866; x_wconf 86' lang='lat' dir='ltr'>Non</span> <span class='ocrx_word' id='word_1_220' title='bbox 485 3823 638 3866; x_wconf 89' lang='lat' dir='ltr'>mancaro</span> <span class='ocrx_word' id='word_1_221' title='bbox 662 3802 696 3866; x_wconf 90' lang='lat' dir='ltr'>in</span> <span class='ocrx_word' id='word_1_222' title='bbox 720 3803 961 3886; x_wconf 90' lang='lat' dir='ltr'>adempimento</span> <span class='ocrx_word' id='word_1_223' title='bbox 985 3804 1018 3867; x_wconf 92' lang='lat' dir='ltr'>di</span> <span class='ocrx_word' id='word_1_224' title='bbox 1042 3811 1165 3886; x_wconf 87' lang='lat' dir='ltr'>quanto</span> <span class='ocrx_word' id='word_1_225' title='bbox 1189 3805 1233 3868; x_wconf 90' lang='lat' dir='ltr'>mi</span> <span class='ocrx_word' id='word_1_226' title='bbox 1253 3810 1269 3867; x_wconf 86' lang='grc'>1</span> <span class='ocrx_word' id='word_1_227' title='bbox 1289 3803 1462 3887; x_wconf 90' lang='lat' dir='ltr'>prescritto</span> 
     </span>
     <span class='ocr_line' id='line_1_33' title="bbox 279 3888 1462 3976; baseline 0.003 -24"><span class='ocrx_word' id='word_1_228' title='bbox 279 3888 365 3954; x_wconf 90' lang='lat' dir='ltr'>nella</span> <span class='ocrx_word' id='word_1_229' title='bbox 388 3891 587 3956; x_wconf 74' lang='lat' dir='ltr'>instrutione</span> <span class='ocrx_word' id='word_1_230' title='bbox 604 3892 690 3956; x_wconf 90' lang='lat' dir='ltr'>della</span> <span class='ocrx_word' id='word_1_231' title='bbox 707 3913 799 3956; x_wconf 89' lang='lat' dir='ltr'>sacra</span> <span class='ocrx_word' id='word_1_232' title='bbox 815 3894 1066 3975; x_wconf 87' lang='lat' dir='ltr'>congregazione</span> <span class='ocrx_word' id='word_1_233' title='bbox 1083 3893 1116 3957; x_wconf 91' lang='lat' dir='ltr'>di</span> <span class='ocrx_word' id='word_1_234' title='bbox 1135 3893 1355 3976; x_wconf 87' lang='lat' dir='ltr'>Propaganda</span> <span class='ocrx_word' id='word_1_235' title='bbox 1378 3893 1462 3958; x_wconf 81' lang='lat' dir='ltr'>Fide</span> 
     </span>
     <span class='ocr_line' id='line_1_34' title="bbox 279 3979 1462 4067; baseline 0.003 -25"><span class='ocrx_word' id='word_1_236' title='bbox 279 3979 449 4044; x_wconf 89' lang='lat' dir='ltr'>inviatami</span> <span class='ocrx_word' id='word_1_237' title='bbox 482 3981 549 4044; x_wconf 87' lang='lat' dir='ltr'>dall</span> <span class='ocrx_word' id='word_1_238' title='bbox 582 3983 749 4045; x_wconf 86' lang='lat' dir='ltr'>eminenza</span> <span class='ocrx_word' id='word_1_239' title='bbox 781 3988 899 4064; x_wconf 84' lang='lat' dir='ltr'>vostra,</span> <span class='ocrx_word' id='word_1_240' title='bbox 932 3983 965 4046; x_wconf 93' lang='lat' dir='ltr'>di</span> <span class='ocrx_word' id='word_1_241' title='bbox 998 3983 1127 4067; x_wconf 88' lang='lat' dir='ltr'>parlare</span> <span class='ocrx_word' id='word_1_242' title='bbox 1160 3988 1376 4047; x_wconf 85' lang='lat' dir='ltr'>nuovamente</span> <span class='ocrx_word' id='word_1_243' title='bbox 1409 3983 1462 4046; x_wconf 81' lang='lat' dir='ltr'>all&#39;</span> 
     </span>
     <span class='ocr_line' id='line_1_35' title="bbox 278 4069 1461 4154; baseline 0.003 -22"><span class='ocrx_word' id='word_1_244' title='bbox 278 4069 486 4152; x_wconf 91' lang='lat' dir='ltr'>imperatrice</span> <span class='ocrx_word' id='word_1_245' title='bbox 518 4078 682 4153; x_wconf 85' lang='lat' dir='ltr'>roggente,</span> <span class='ocrx_word' id='word_1_246' title='bbox 712 4073 1007 4154; x_wconf 89' lang='lat' dir='ltr'>erappresentarli</span> <span class='ocrx_word' id='word_1_247' title='bbox 1039 4073 1069 4135; x_wconf 97' lang='grc'>11</span> <span class='ocrx_word' id='word_1_248' title='bbox 1101 4072 1228 4154; x_wconf 85' lang='lat' dir='ltr'>ragioni</span> <span class='ocrx_word' id='word_1_249' title='bbox 1261 4074 1396 4138; x_wconf 88' lang='lat' dir='ltr'>addottc</span> <span class='ocrx_word' id='word_1_250' title='bbox 1427 4073 1461 4136; x_wconf 90' lang='lat' dir='ltr'>in</span> 
     </span>
     <span class='ocr_line' id='line_1_36' title="bbox 279 4160 1462 4244; baseline 0.004 -23"><span class='ocrx_word' id='word_1_251' title='bbox 279 4179 357 4238; x_wconf 86' lang='lat' dir='ltr'>essa,</span> <span class='ocrx_word' id='word_1_252' title='bbox 389 4181 447 4242; x_wconf 93' lang='lat' dir='ltr'>per</span> <span class='ocrx_word' id='word_1_253' title='bbox 480 4160 623 4242; x_wconf 88' lang='lat' dir='ltr'>disporla</span> <span class='ocrx_word' id='word_1_254' title='bbox 656 4161 689 4224; x_wconf 91' lang='lat' dir='ltr'>di</span> <span class='ocrx_word' id='word_1_255' title='bbox 722 4163 904 4226; x_wconf 88' lang='lat' dir='ltr'>consentire</span> <span class='ocrx_word' id='word_1_256' title='bbox 928 4162 980 4226; x_wconf 88' lang='lat' dir='ltr'>all&#39;</span> <span class='ocrx_word' id='word_1_257' title='bbox 1004 4163 1198 4227; x_wconf 88' lang='lat' dir='ltr'>admissione</span> <span class='ocrx_word' id='word_1_258' title='bbox 1222 4163 1275 4226; x_wconf 89' lang='lat' dir='ltr'>dcl</span> <span class='ocrx_word' id='word_1_259' title='bbox 1297 4163 1333 4226; x_wconf 89' lang='lat' dir='ltr'>P.</span> <span class='ocrx_word' id='word_1_260' title='bbox 1357 4161 1462 4244; x_wconf 81' lang='lat' dir='ltr'>Filip-</span> 
     </span>
     <span class='ocr_line' id='line_1_37' title="bbox 277 4249 1462 4332; baseline 0.003 -20"><span class='ocrx_word' id='word_1_261' title='bbox 277 4249 384 4330; x_wconf 88' lang='lat' dir='ltr'>povitz</span> <span class='ocrx_word' id='word_1_262' title='bbox 408 4250 441 4312; x_wconf 91' lang='lat' dir='ltr'>al</span> <span class='ocrx_word' id='word_1_263' title='bbox 464 4250 620 4314; x_wconf 83' lang='lat' dir='ltr'>vicariato</span> <span class='ocrx_word' id='word_1_264' title='bbox 644 4251 820 4332; x_wconf 90' lang='lat' dir='ltr'>apostolico</span> <span class='ocrx_word' id='word_1_265' title='bbox 845 4251 878 4314; x_wconf 92' lang='lat' dir='ltr'>di</span> <span class='ocrx_word' id='word_1_266' title='bbox 903 4251 1070 4332; x_wconf 88' lang='lat' dir='ltr'>Monkatz‚</span> <span class='ocrx_word' id='word_1_267' title='bbox 1088 4252 1212 4316; x_wconf 89' lang='lat' dir='ltr'>benche</span> <span class='ocrx_word' id='word_1_268' title='bbox 1236 4253 1266 4316; x_wconf 90' lang='lat' dir='ltr'>le</span> <span class='ocrx_word' id='word_1_269' title='bbox 1289 4251 1462 4316; x_wconf 89' lang='lat' dir='ltr'>medesime</span> 
     </span>
     <span class='ocr_line' id='line_1_38' title="bbox 279 4337 1462 4422; baseline 0.005 -22"><span class='ocrx_word' id='word_1_270' title='bbox 279 4337 321 4402; x_wconf 91' lang='lat' dir='ltr'>da</span> <span class='ocrx_word' id='word_1_271' title='bbox 345 4359 395 4404; x_wconf 91' lang='lat' dir='ltr'>me</span> <span class='ocrx_word' id='word_1_272' title='bbox 419 4341 692 4422; x_wconf 90' lang='lat' dir='ltr'>rappresentateli</span> <span class='ocrx_word' id='word_1_273' title='bbox 721 4361 784 4404; x_wconf 88' lang='lat' dir='ltr'>non</span> <span class='ocrx_word' id='word_1_274' title='bbox 808 4341 828 4404; x_wconf 88' lang='lat' dir='ltr'>l&#39;</span> <span class='ocrx_word' id='word_1_275' title='bbox 852 4341 996 4406; x_wconf 88' lang='lat' dir='ltr'>habbino</span> <span class='ocrx_word' id='word_1_276' title='bbox 1019 4341 1106 4405; x_wconf 84' lang='lat' dir='ltr'>fatta</span> <span class='ocrx_word' id='word_1_277' title='bbox 1129 4341 1280 4406; x_wconf 87' lang='lat' dir='ltr'>risolvere</span> <span class='ocrx_word' id='word_1_278' title='bbox 1304 4345 1324 4406; x_wconf 81' lang='grc'>1</span> <span class='ocrx_word' id='word_1_279' title='bbox 1347 4347 1462 4422; x_wconf 88' lang='lat' dir='ltr'>questo</span> 
     </span>
     <span class='ocr_line' id='line_1_39' title="bbox 277 4429 1461 4513; baseline 0.003 -22"><span class='ocrx_word' id='word_1_280' title='bbox 277 4449 380 4510; x_wconf 87' lang='lat' dir='ltr'>passo,</span> <span class='ocrx_word' id='word_1_281' title='bbox 405 4435 493 4492; x_wconf 91' lang='lat' dir='ltr'>tutto</span> <span class='ocrx_word' id='word_1_282' title='bbox 517 4429 575 4492; x_wconf 92' lang='lat' dir='ltr'>che</span> <span class='ocrx_word' id='word_1_283' title='bbox 599 4450 718 4493; x_wconf 85' lang='lat' dir='ltr'>ancora</span> <span class='ocrx_word' id='word_1_284' title='bbox 741 4436 1040 4513; x_wconf 90' lang='lat' dir='ltr'>premurosamente</span> <span class='ocrx_word' id='word_1_285' title='bbox 1065 4431 1261 4496; x_wconf 88' lang='lat' dir='ltr'>richiestane</span> <span class='ocrx_word' id='word_1_286' title='bbox 1281 4431 1335 4494; x_wconf 93' lang='lat' dir='ltr'>dal</span> <span class='ocrx_word' id='word_1_287' title='bbox 1351 4430 1461 4512; x_wconf 91' lang='lat' dir='ltr'>signor</span> 
     </span>
     <span class='ocr_line' id='line_1_40' title="bbox 278 4517 1461 4600; baseline 0.004 -21"><span class='ocrx_word' id='word_1_288' title='bbox 278 4518 443 4582; x_wconf 89' lang='lat' dir='ltr'>cardinale</span> <span class='ocrx_word' id='word_1_289' title='bbox 477 4519 510 4582; x_wconf 92' lang='lat' dir='ltr'>di</span> <span class='ocrx_word' id='word_1_290' title='bbox 542 4517 702 4600; x_wconf 82' lang='lat' dir='ltr'>Sassonia,</span> <span class='ocrx_word' id='word_1_291' title='bbox 735 4521 868 4583; x_wconf 87' lang='lat' dir='ltr'>essendo</span> <span class='ocrx_word' id='word_1_292' title='bbox 901 4522 920 4584; x_wconf 82' lang='grc'>1</span> <span class='ocrx_word' id='word_1_293' title='bbox 953 4519 1001 4583; x_wconf 76' lang='lat' dir='ltr'>cio</span> <span class='ocrx_word' id='word_1_294' title='bbox 1035 4521 1200 4585; x_wconf 88' lang='lat' dir='ltr'>contraria</span> <span class='ocrx_word' id='word_1_295' title='bbox 1233 4543 1296 4584; x_wconf 92' lang='lat' dir='ltr'>non</span> <span class='ocrx_word' id='word_1_296' title='bbox 1329 4519 1395 4584; x_wconf 91' lang='lat' dir='ltr'>solo</span> <span class='ocrx_word' id='word_1_297' title='bbox 1429 4521 1461 4584; x_wconf 88' lang='grc'>11</span> 
     </span>
    </p>
   </div>
   <div class='ocr_carea' id='block_1_7' title="bbox 0 0 1734 5494">
    <p class='ocr_par' dir='ltr' id='par_1_7' title="bbox 0 0 1734 5494">
     <span class='ocr_line' id='line_1_41' title="bbox 0 0 1734 5494; baseline 0 0"><span class='ocrx_word' id='word_1_298' title='bbox 0 0 1734 5494; x_wconf 95' lang='lat' dir='ltr'> </span> 
     </span>
    </p>
   </div>
  </div>
 </body>
</html>
