3436 5500
820 401 1007 453 ouunvrturlu

858 654 976 721 XXV.

730 820 824 879 1447.
849 815 1021 879 november
1047 819 1097 877 25.

324 979 358 1040 V.
376 977 496 1042 Milclo‘s
516 982 608 1059 popo
632 977 794 1061 nrepbiaao
821 997 861 1040 66
885 975 1071 1059 6661619666
1094 975 1224 1052 tractet,
1248 973 1332 1057 ltopp
1349 995 1369 1039 o
1385 975 1506 1039 ddmdst'

319 1069 551 1132 1666661616611
577 1066 885 1150 Psilos-perjelse‘gpe'
914 1067 985 1130 colo
1018 1063 1505 1148 6161611166άί16961161661166,

409 1218 410 1222 ,
495 1161 527 1221 e's
550 1157 671 1238 Kepos
694 1157 847 1221 Battara
870 1178 890 1221 6
908 1154 1138 1237 jooodolorobo
1162 1153 1329 1218 betttosso.

427 1319 583 1382 Nicolaus
608 1324 667 1382 etc.
700 1316 829 1380 Dilecto
862 1315 929 1380 filio
963 1315 1110 1379 Dionisio
1139 1314 1230 1378 tituli
1254 1313 1358 1377 sancti
1382 1311 1503 1377 Oiriaci

319 1410 354 1471 in
378 1408 512 1471 thermis
536 1408 725 1490 presbytero
750 1406 909 1470 cardinali
934 1403 1150 1487 Strigoniensi
1174 1404 1355 1486 vulgariter
1378 1425 1504 1466 nuncu-

318 1505 395 1580 pato
428 1499 568 1562 salutern
600 1503 660 1560 etc.
693 1496 874 1578 Religionis
907 1495 1002 1574 66166,
1034 1496 1100 1559 1116
1124 1515 1161 1558 ac
1185 1515 1311 1557 morum
1342 1493 1501 1573 honestae,

319 1588 448 1669 aliaque
471 1587 653 1652 laudabilia
675 1585 852 1667 probitatis
876 1590 909 1648 et
932 1585 1094 1650 virtutum
1117 1585 1236 1647 merita
1259 1603 1355 1665 super
1385 1583 1504 1664 quibus

319 1677 456 1740 dilectus
489 1677 575 1740 filius
599 1675 797 1741 Valentinus
821 1675 994 1739 Laurentii
1019 1674 1058 1738 de
1081 1673 1191 1756 (lapus
1215 1673 1357 1736 fratrum
1381 1673 1503 1736 ordinis

319 1768 424 1830 sancti
457 1766 554 1830 Pauli
587 1765 685 1848 primi
710 1765 867 1828 heremite
891 1765 950 1828 sub
975 1764 1088 1846 regula
1112 1763 1217 1826 sancti
1242 1761 1425 1843 Augustini
1449 1762 1504 1825 de-

320 1857 466 1938 gentium
490 1855 659 1938 presbyter
683 1854 846 1937 professus
870 1855 974 1918 minor
998 1853 1249 1936 penitentiarius
1266 1858 1297 1915 et
1317 1851 1504 1932 capellanus

319 1953 428 2010 noster
452 1945 540 2027 apud
564 1967 621 2009 nos
644 1943 808 2026 fidedigno
841 1944 1087 2007 commendatur
1119 1942 1304 2006 testimonio
1328 1941 1502 2004 66616116-

319 2043 406 2114 61161,
431 2042 469 2098 61
493 2035 555 2100 sibi
579 2034 756 2097 reddamur
773 2033 815 2097 ad
832 2035 972 2115 gratiam
998 2031 1158 2096 liberales.
1183 2030 1265 2096 Oum
1281 2032 1394 2112 itaque
1418 2031 1504 2094 siout

319 2126 502 2207 accepimus
535 2124 767 2188 monasterium
792 2129 902 2187 sancte
926 2123 1118 2204 Margarete
1142 2121 1182 2184 de
1205 2119 1356 2184 Demesio
1380 2120 1503 2184 ordinis

319 2217 423 2278 sancti
457 2214 628 2289 Benedicti
660 2212 898 2278 Montisoliveti
934 2211 1117 2294 nuncupati
1149 2209 1401 2293 Vesprimiensis
1434 2210 1504 2273 dio-

319 2307 406 2382 66616,
441 2305 493 2367 661
527 2305 689 2386 quondam
722 2303 912 2367 Bernardus
946 2303 1047 2384 ipsius
1079 2301 1268 2364 monasterii
1298 2299 1400 2364 abbas
1424 2299 1502 2362 dum

318 2395 440 2457 viveret
474 2393 668 2476 presidebat,
700 2413 759 2473 per
791 2393 918 2455 obitum
951 2391 1095 2454 eiusdem
1128 2391 1291 2454 Bernardi
1325 2390 1380 2470 qni
1408 2395 1502 2452 extra

318 2485 501 2547 Romanam
534 2483 658 2546 curiam
691 2482 828 2545 decessit
861 2481 991 2545 abbatis
1024 2481 1066 2542 sit
1100 2480 1139 2543 de
1172 2478 1315 2562 presenti
1345 2479 1504 2560 regimine

320 2573 524 2652 destitutum,
558 2578 590 2635 et
614 2573 698 2634 sicut
722 2571 821 2634 etiam
845 2571 1034 2652 accepimus,
1065 2570 1142 2632 licet
1165 2570 1246 2632 alias
1269 2568 1501 2632 monasterium

318 2665 433 2744 ipsum,
458 2662 545 2744 quod
568 2671 647 2725 tunc
672 2661 805 2724 ecclesia
823 2660 977 2724 secularis
994 2666 1027 2722 61
1043 2659 1215 2740 collegiata
1230 2659 1348 2737 fuerat,
1373 2657 1505 2739 prefato

319 2753 426 2815 ordini
450 2752 554 2815 666611
579 2750 751 2814 Benedicti
774 2757 807 2814 et
832 2750 920 2813 illius
946 2749 1111 2813 6166661116
1144 2749 1341 2812 66616111616
1375 2753 1501 2828 aposto-

318 2843 381 2905 lica
406 2862 599 2923 emcessum,
624 2862 681 2903 seu
697 2840 945 2922 appropriatum
961 2846 994 2903 61
1010 2841 1254 2920 incorporatum
1277 2837 1371 2915 foret,
1393 2845 1502 2900 tamen

318 2940 450 3015 propter
475 2952 609 3013 guerras
634 2938 666 2993 et
694 2930 774 2992 61166
807 2929 955 2992 616161166
987 2935 1131 3007 eventus,
1165 2929 1283 3009 quibus
1314 2932 1423 3009 partes
1447 2927 1501 2989 1116

319 3022 443 3085 diutius
467 3020 589 3084 afflicte
615 3019 757 3099 fuerunt,
781 3019 822 3082 ab
847 3019 925 3100 ipsis
948 3017 1114 3092 monachis
1131 3017 1322 3081 derelictum
1338 3023 1371 3079 61
1389 3036 1501 3098 quam-

317 3112 414 3194 plura
437 3111 525 3173 illius
548 3109 760 3192 possessiones
776 3114 809 3172 61
825 3108 910 3172 bona
934 3115 1093 3190 usurpata
1109 3113 1142 3170 et
1158 3108 1325 3170 destructa
1348 3105 1502 3186 1661661,

319 3222 375 3264 666
409 3201 512 3282 igitur
545 3199 752 3263 attendentes
786 3199 871 3281 quod
897 3197 924 3259 si
949 3197 1117 3276 666666616,
1151 3196 1374 3278 appropriatio
1396 3200 1428 3257 61
1452 3195 1501 3256 16-

318 3290 502 3372 corporatio
525 3294 718 3353 revocentur
751 3293 783 3351 et
816 3288 999 3366 irritentur,
1032 3307 1155 3350 necnon
1184 3285 1417 3349 monasterium
1441 3284 1505 3346 116-4

317 3380 457 3444 iusmodi
480 3379 514 3441 in
539 3379 722 3461 prioratum
754 3377 1000 3440 conventualem
1033 3377 1195 3440 dictorum
1229 3375 1370 3438 fratrum
1396 3375 1501 3436 sancti

318 3470 415 3532 Pauli
448 3469 595 3549 erigatur
628 3475 660 3530 et
694 3467 781 3529 dicto
806 3466 982 3532 Valentino
1012 3465 1209 3544 conferatur,
1241 3470 1373 3546 propter
1398 3463 1500 3544 ipsius

317 3560 523 3636 industriam,
556 3559 695 3620 virtutes
720 3563 752 3618 61
776 3556 841 3618 6116
864 3555 1044 3619 laudabilia
1077 3575 1176 3637 opera
1207 3553 1392 3616 huiusmodi
1415 3552 1501 3617 bona

318 3649 478 3712 distracta
510 3645 801 3728 recuperabuntur,
825 3651 858 3708 et
890 3647 990 3727 ipsius
1024 3644 1212 3707 monasterii
1244 3641 1433 3706 reformatio
1466 3643 1500 3705 16

318 3738 546 3820 spiritualibus
580 3743 612 3799 et
645 3734 879 3818 temporalibus
914 3736 1191 3816 subsequetur..
1216 3781 1222 3795 .
1256 3732 1500 3812 concessionem,

318 3827 616 3910 appropriationem
648 3832 681 3887 et
713 3824 1005 3906 incorporationem
1036 3823 1294 3906 predictas...
1319 3869 1325 3883 .
1350 3841 1500 3884 revocan-

318 3925 396 3981 tes.
421 3965 427 3980 .
451 3965 458 3979 .
483 3914 764 3996 circumspectioni
789 3922 875 3977 166.
900 3963 906 3976 .
932 3963 938 3977 .
962 3913 1163 3993 mandamus,
1180 3918 1341 3994 quatenus
1365 3911 1405 3974 de
1427 3932 1505 3991 pre-1

317 4007 421 4070 missis
446 4012 479 4070 te
503 4007 676 4088 diligenter
708 4004 871 4082 informes,
904 4010 937 4066 et
961 4003 1069 4085 siper
1094 4001 1355 4066 informationem
1388 4000 1500 4062 116166-

317 4097 404 4159 modi
437 4096 562 4159 dictum
594 4094 826 4158 monasterium
850 4093 892 4156 ab
917 4093 995 4174 ipsis
1018 4092 1183 4155 monachis
1217 4091 1408 4154 derelictum
1432 4089 1499 4152 fore

317 4187 482 4268 repereris
521 4186 555 4248 in
587 4184 643 4247 illo
677 4184 872 4265 dignitatem
911 4182 1111 4246 abbatialem
1144 4191 1176 4245 et
1209 4181 1356 4244 ordinem
1395 4178 1499 4242 666611

318 4275 489 4338 Benedicti
517 4273 752 4337 Montisoliveti
777 4321 783 4335 .
809 4321 815 4334 .
840 4321 846 4334 .
872 4272 1055 4354 supprimas
1078 4319 1085 4333 .
1110 4319 1117 4334 .
1141 4319 1148 4334 .
1172 4269 1405 4334 monasterium
1429 4290 1499 4350 pre-

319 4366 445 4428 dictum
477 4365 510 4426 in
543 4365 725 4444 prioratum
758 4363 1003 4427 conventualem
1035 4381 1093 4442 per
1121 4360 1205 4442 ipsos
1239 4360 1358 4422 fratres
1382 4359 1500 4438 guber-

316 4455 492 4519 nandum.
518 4501 524 4515 .
549 4502 556 4516 .
581 4453 686 4534 erigas
712 4502 718 4516 .
742 4500 748 4514 .
773 4501 780 4515 .
805 4457 837 4514 et
860 4451 993 4532 insuper
1017 4450 1199 4532 prioratum
1226 4448 1416 4530 erigendum
1440 4448 1500 4510 hu-

316 4543 455 4608 iusmodi
479 4592 486 4606 .
511 4592 517 4606 .
542 4592 548 4606 .
573 4543 638 4605 sive
672 4548 710 4604 61
742 4541 956 4624 premittitur,
990 4541 1038 4603 vel
1064 4560 1122 4621 per
1145 4540 1270 4603 obitum
1295 4537 1436 4601 Antonii
1460 4537 1503 4600 de
