<?xml version="1.0" encoding="UTF-8"?>
<!DOCTYPE html PUBLIC "-//W3C//DTD XHTML 1.0 Transitional//EN"
    "http://www.w3.org/TR/xhtml1/DTD/xhtml1-transitional.dtd">
<html xmlns="http://www.w3.org/1999/xhtml" xml:lang="en" lang="en">
 <head>
  <title>
</title>
<meta http-equiv="Content-Type" content="text/html;charset=utf-8" />
  <meta name='ocr-system' content='tesseract 3.04.00' />
  <meta name='ocr-capabilities' content='ocr_page ocr_carea ocr_par ocr_line ocrx_word'/>
</head>
<body>
  <div class='ocr_page' id='page_1' title='image "./oklevltramagyar00frakgoog_0151.png"; bbox 0 0 3454 5492; ppageno 0'>
   <div class='ocr_carea' id='block_1_1' title="bbox 309 446 987 512">
    <p class='ocr_par' dir='ltr' id='par_1_1' title="bbox 309 446 987 512">
     <span class='ocr_line' id='line_1_1' title="bbox 309 446 987 512; baseline 0.001 -2"><span class='ocrx_word' id='word_1_1' title='bbox 309 446 368 512; x_wconf 73' lang='lat' dir='ltr'>tlt</span> <span class='ocrx_word' id='word_1_2' title='bbox 801 453 987 512; x_wconf 66' lang='lat' dir='ltr'>scismata</span> 
     </span>
    </p>
   </div>
   <div class='ocr_carea' id='block_1_2' title="bbox 305 639 1488 980">
    <p class='ocr_par' dir='ltr' id='par_1_2' title="bbox 305 639 1488 980">
     <span class='ocr_line' id='line_1_2' title="bbox 413 639 1473 728; baseline 0 -20"><span class='ocrx_word' id='word_1_3' title='bbox 413 645 547 710; x_wconf 81' lang='lat' dir='ltr'>Electus</span> <span class='ocrx_word' id='word_1_4' title='bbox 565 644 748 710; x_wconf 84' lang='lat' dir='ltr'>Oolocensis</span> <span class='ocrx_word' id='word_1_5' title='bbox 764 668 804 710; x_wconf 92' lang='lat' dir='ltr'>m.</span> <span class='ocrx_word' id='word_1_6' title='bbox 821 668 859 727; x_wconf 82' lang='lat' dir='ltr'>p,</span> <span class='ocrx_word' id='word_1_7' title='bbox 877 643 1049 727; x_wconf 84' lang='lat' dir='ltr'>Agriensis</span> <span class='ocrx_word' id='word_1_8' title='bbox 1066 669 1106 708; x_wconf 89' lang='lat' dir='ltr'>m.</span> <span class='ocrx_word' id='word_1_9' title='bbox 1123 667 1162 728; x_wconf 88' lang='lat' dir='ltr'>p,</span> <span class='ocrx_word' id='word_1_10' title='bbox 1187 643 1365 728; x_wconf 78' lang='lat' dir='ltr'>Episcopus</span> <span class='ocrx_word' id='word_1_11' title='bbox 1381 639 1473 710; x_wconf 85' lang='lat' dir='ltr'>Vara</span> 
     </span>
     <span class='ocr_line' id='line_1_3' title="bbox 305 733 1488 819; baseline 0 -21"><span class='ocrx_word' id='word_1_12' title='bbox 305 736 424 800; x_wconf 83' lang='lat' dir='ltr'>diensis</span> <span class='ocrx_word' id='word_1_13' title='bbox 457 758 497 799; x_wconf 91' lang='lat' dir='ltr'>m.</span> <span class='ocrx_word' id='word_1_14' title='bbox 530 760 569 819; x_wconf 92' lang='lat' dir='ltr'>p.,</span> <span class='ocrx_word' id='word_1_15' title='bbox 604 736 738 800; x_wconf 82' lang='lat' dir='ltr'>Electus</span> <span class='ocrx_word' id='word_1_16' title='bbox 771 733 1126 818; x_wconf 78' lang='lat' dir='ltr'>Quinqueecclesiensis</span> <span class='ocrx_word' id='word_1_17' title='bbox 1158 757 1199 798; x_wconf 92' lang='lat' dir='ltr'>m.</span> <span class='ocrx_word' id='word_1_18' title='bbox 1232 758 1270 817; x_wconf 93' lang='lat' dir='ltr'>p.,</span> <span class='ocrx_word' id='word_1_19' title='bbox 1308 736 1488 817; x_wconf 82' lang='lat' dir='ltr'>Episcopus</span> 
     </span>
     <span class='ocr_line' id='line_1_4' title="bbox 306 824 1487 977; baseline 0 -89"><span class='ocrx_word' id='word_1_20' title='bbox 306 824 557 977; x_wconf 44' lang='lat' dir='ltr'>gesprimiensis</span> <span class='ocrx_word' id='word_1_21' title='bbox 573 847 613 888; x_wconf 91' lang='lat' dir='ltr'>m.</span> <span class='ocrx_word' id='word_1_22' title='bbox 629 849 668 910; x_wconf 94' lang='lat' dir='ltr'>p.,</span> <span class='ocrx_word' id='word_1_23' title='bbox 693 826 873 909; x_wconf 82' lang='lat' dir='ltr'>Episcopus</span> <span class='ocrx_word' id='word_1_24' title='bbox 889 825 1060 892; x_wconf 89' lang='lat' dir='ltr'>Vaciensis</span> <span class='ocrx_word' id='word_1_25' title='bbox 1077 847 1117 888; x_wconf 92' lang='lat' dir='ltr'>m.</span> <span class='ocrx_word' id='word_1_26' title='bbox 1141 847 1180 907; x_wconf 81' lang='lat' dir='ltr'>p,</span> <span class='ocrx_word' id='word_1_27' title='bbox 1205 825 1339 888; x_wconf 77' lang='lat' dir='ltr'>Electus</span> <span class='ocrx_word' id='word_1_28' title='bbox 1360 824 1487 890; x_wconf 83' lang='lat' dir='ltr'>Obana-</span> 
     </span>
     <span class='ocr_line' id='line_1_5' title="bbox 329 937 434 980; baseline 0 -2"><span class='ocrx_word' id='word_1_29' title='bbox 329 937 434 980; x_wconf 88' lang='lat' dir='ltr'>1ens1s.</span> 
     </span>
    </p>
   </div>
   <div class='ocr_carea' id='block_1_3' title="bbox 413 1056 1294 1126">
    <p class='ocr_par' dir='ltr' id='par_1_3' title="bbox 413 1056 1294 1126">
     <span class='ocr_line' id='line_1_6' title="bbox 413 1056 1294 1126; baseline -0.005 -14"><span class='ocrx_word' id='word_1_30' title='bbox 413 1056 521 1112; x_wconf 75' lang='lat' dir='ltr'>Kroul:</span> <span class='ocrx_word' id='word_1_31' title='bbox 543 1057 666 1126; x_wconf 81' lang='lat' dir='ltr'>Supplex</span> <span class='ocrx_word' id='word_1_32' title='bbox 685 1057 796 1110; x_wconf 87' lang='lat' dir='ltr'>libellus</span> <span class='ocrx_word' id='word_1_33' title='bbox 817 1058 1007 1125; x_wconf 85' lang='lat' dir='ltr'>praelatorum</span> <span class='ocrx_word' id='word_1_34' title='bbox 1026 1056 1106 1126; x_wconf 83' lang='lat' dir='ltr'>regni</span> <span class='ocrx_word' id='word_1_35' title='bbox 1125 1057 1294 1126; x_wconf 84' lang='lat' dir='ltr'>Hungariae.</span> 
     </span>
    </p>
   </div>
   <div class='ocr_carea' id='block_1_4' title="bbox 413 1181 1425 1253">
    <p class='ocr_par' dir='ltr' id='par_1_4' title="bbox 413 1181 1425 1253">
     <span class='ocr_line' id='line_1_7' title="bbox 413 1181 1425 1253; baseline -0.001 -19"><span class='ocrx_word' id='word_1_36' title='bbox 413 1182 566 1248; x_wconf 84' lang='lat' dir='ltr'>(Eredetije</span> <span class='ocrx_word' id='word_1_37' title='bbox 586 1201 602 1236; x_wconf 82' lang='lat' dir='ltr'>a</span> <span class='ocrx_word' id='word_1_38' title='bbox 620 1183 695 1236; x_wconf 80' lang='lat' dir='ltr'>becsi</span> <span class='ocrx_word' id='word_1_39' title='bbox 716 1199 751 1236; x_wconf 86' lang='lat' dir='ltr'>cs.</span> <span class='ocrx_word' id='word_1_40' title='bbox 772 1186 799 1236; x_wconf 79' lang='lat' dir='ltr'>es</span> <span class='ocrx_word' id='word_1_41' title='bbox 818 1184 846 1236; x_wconf 89' lang='lat' dir='ltr'>k.</span> <span class='ocrx_word' id='word_1_42' title='bbox 865 1181 1196 1253; x_wconf 76' lang='lat' dir='ltr'>penzugyminiszterium</span> <span class='ocrx_word' id='word_1_43' title='bbox 1213 1181 1425 1244; x_wconf 77' lang='lat' dir='ltr'>leve&#39;ltarabau.)</span> 
     </span>
    </p>
   </div>
   <div class='ocr_carea' id='block_1_5' title="bbox 733 1458 1062 1684">
    <p class='ocr_par' dir='ltr' id='par_1_5' title="bbox 733 1458 1062 1684">
     <span class='ocr_line' id='line_1_8' title="bbox 794 1458 1004 1537; baseline 0.005 -1"><span class='ocrx_word' id='word_1_44' title='bbox 794 1458 1004 1537; x_wconf 86' lang='lat' dir='ltr'>LXXXIX.</span> 
     </span>
     <span class='ocr_line' id='line_1_9' title="bbox 733 1617 1062 1684; baseline -0.006 -3"><span class='ocrx_word' id='word_1_45' title='bbox 733 1620 827 1681; x_wconf 77' lang='lat'>1580.</span> <span class='ocrx_word' id='word_1_46' title='bbox 851 1617 985 1681; x_wconf 82' lang='lat' dir='ltr'>februar</span> <span class='ocrx_word' id='word_1_47' title='bbox 1012 1622 1062 1684; x_wconf 74' lang='lat'>20.</span> 
     </span>
    </p>
   </div>
   <div class='ocr_carea' id='block_1_6' title="bbox 307 1756 1488 2023">
    <p class='ocr_par' dir='ltr' id='par_1_6' title="bbox 307 1756 1488 2023">
     <span class='ocr_line' id='line_1_10' title="bbox 307 1756 1487 1844; baseline -0.003 -19"><span class='ocrx_word' id='word_1_48' title='bbox 307 1759 337 1825; x_wconf 82' lang='lat' dir='ltr'><strong><em>A</em></strong></span> <span class='ocrx_word' id='word_1_49' title='bbox 361 1779 499 1844; x_wconf 77' lang='lat' dir='ltr'>mopyur</span> <span class='ocrx_word' id='word_1_50' title='bbox 524 1759 663 1824; x_wconf 77' lang='lat' dir='ltr'>tamaro</span> <span class='ocrx_word' id='word_1_51' title='bbox 683 1758 868 1824; x_wconf 67' lang='lat' dir='ltr'>tuncassos·</span> <span class='ocrx_word' id='word_1_52' title='bbox 887 1781 907 1824; x_wconf 86' lang='lat' dir='ltr'>o</span> <span class='ocrx_word' id='word_1_53' title='bbox 923 1756 1084 1842; x_wconf 77' lang='lat' dir='ltr'>sdpupsdp</span> <span class='ocrx_word' id='word_1_54' title='bbox 1100 1757 1375 1842; x_wconf 75' lang='lat' dir='ltr'>feltcrjcsate&#39;sc&#39;cel</span> <span class='ocrx_word' id='word_1_55' title='bbox 1390 1779 1487 1824; x_wconf 73' lang='lat' dir='ltr'>sacm-</span> 
     </span>
     <span class='ocr_line' id='line_1_11' title="bbox 308 1845 1488 1932; baseline -0.002 -19"><span class='ocrx_word' id='word_1_56' title='bbox 308 1850 367 1913; x_wconf 83' lang='lat' dir='ltr'>bca</span> <span class='ocrx_word' id='word_1_57' title='bbox 397 1849 558 1915; x_wconf 81' lang='lat' dir='ltr'>amellett</span> <span class='ocrx_word' id='word_1_58' title='bbox 590 1848 749 1929; x_wconf 75' lang='lat' dir='ltr'>droelaelc,</span> <span class='ocrx_word' id='word_1_59' title='bbox 782 1849 864 1932; x_wconf 73' lang='lat' dir='ltr'>bopy</span> <span class='ocrx_word' id='word_1_60' title='bbox 888 1870 909 1914; x_wconf 86' lang='lat' dir='ltr'>a</span> <span class='ocrx_word' id='word_1_61' title='bbox 933 1869 1070 1932; x_wconf 71' lang='lat' dir='ltr'>meppea·</span> <span class='ocrx_word' id='word_1_62' title='bbox 1102 1845 1282 1931; x_wconf 75' lang='lat' dir='ltr'>fdpopodot</span> <span class='ocrx_word' id='word_1_63' title='bbox 1310 1868 1384 1912; x_wconf 82' lang='lat' dir='ltr'>uem</span> <span class='ocrx_word' id='word_1_64' title='bbox 1407 1847 1488 1912; x_wconf 76' lang='lat' dir='ltr'>illoti</span> 
     </span>
     <span class='ocr_line' id='line_1_12' title="bbox 577 1939 1221 2023; baseline 0 -21"><span class='ocrx_word' id='word_1_65' title='bbox 577 1960 645 2022; x_wconf 76' lang='lat' dir='ltr'>orep</span> <span class='ocrx_word' id='word_1_66' title='bbox 669 1959 690 2002; x_wconf 86' lang='lat' dir='ltr'>o</span> <span class='ocrx_word' id='word_1_67' title='bbox 713 1939 831 2003; x_wconf 72' lang='lat' dir='ltr'>saobud</span> <span class='ocrx_word' id='word_1_68' title='bbox 856 1939 1118 2023; x_wconf 70' lang='lat' dir='ltr'>oe&#39;preudelbeads</span> <span class='ocrx_word' id='word_1_69' title='bbox 1134 1939 1221 2022; x_wconf 77' lang='lat' dir='ltr'>jope.</span> 
     </span>
    </p>
   </div>
   <div class='ocr_carea' id='block_1_7' title="bbox 277 2081 1489 4688">
    <p class='ocr_par' dir='ltr' id='par_1_7' title="bbox 417 2081 1229 2166">
     <span class='ocr_line' id='line_1_13' title="bbox 417 2081 1229 2166; baseline -0.001 -19"><span class='ocrx_word' id='word_1_70' title='bbox 417 2081 626 2147; x_wconf 82' lang='lat' dir='ltr'>Serenissime</span> <span class='ocrx_word' id='word_1_71' title='bbox 650 2084 799 2166; x_wconf 91' lang='lat' dir='ltr'>princeps</span> <span class='ocrx_word' id='word_1_72' title='bbox 823 2082 951 2147; x_wconf 89' lang='lat' dir='ltr'>domine</span> <span class='ocrx_word' id='word_1_73' title='bbox 975 2083 1229 2147; x_wconf 87' lang='lat' dir='ltr'>clementissime.</span> 
     </span>
    </p>

    <p class='ocr_par' dir='ltr' id='par_1_8' title="bbox 307 2171 1488 2866">
     <span class='ocr_line' id='line_1_14' title="bbox 414 2171 1488 2256; baseline -0.004 -20"><span class='ocrx_word' id='word_1_74' title='bbox 414 2173 563 2236; x_wconf 88' lang='lat' dir='ltr'>Perlecto</span> <span class='ocrx_word' id='word_1_75' title='bbox 587 2173 761 2255; x_wconf 86' lang='lat' dir='ltr'>diligenter</span> <span class='ocrx_word' id='word_1_76' title='bbox 785 2174 905 2256; x_wconf 87' lang='lat' dir='ltr'>scripto</span> <span class='ocrx_word' id='word_1_77' title='bbox 929 2173 1133 2237; x_wconf 87' lang='lat' dir='ltr'>dominorum</span> <span class='ocrx_word' id='word_1_78' title='bbox 1157 2172 1377 2256; x_wconf 87' lang='lat' dir='ltr'>praelatorum</span> <span class='ocrx_word' id='word_1_79' title='bbox 1396 2171 1488 2251; x_wconf 88' lang='lat' dir='ltr'>regni</span> 
     </span>
     <span class='ocr_line' id='line_1_15' title="bbox 307 2261 1488 2344; baseline -0.003 -18"><span class='ocrx_word' id='word_1_80' title='bbox 307 2263 412 2341; x_wconf 90' lang='lat' dir='ltr'>huius,</span> <span class='ocrx_word' id='word_1_81' title='bbox 438 2285 501 2344; x_wconf 93' lang='lat' dir='ltr'>quo</span> <span class='ocrx_word' id='word_1_82' title='bbox 525 2285 600 2326; x_wconf 91' lang='lat' dir='ltr'>suas</span> <span class='ocrx_word' id='word_1_83' title='bbox 622 2263 794 2327; x_wconf 81' lang='lat' dir='ltr'>libertates</span> <span class='ocrx_word' id='word_1_84' title='bbox 818 2271 851 2326; x_wconf 88' lang='lat' dir='ltr'>et</span> <span class='ocrx_word' id='word_1_85' title='bbox 874 2264 947 2327; x_wconf 89' lang='lat' dir='ltr'>iura</span> <span class='ocrx_word' id='word_1_86' title='bbox 971 2263 1032 2327; x_wconf 90' lang='lat' dir='ltr'>sibi</span> <span class='ocrx_word' id='word_1_87' title='bbox 1048 2263 1160 2327; x_wconf 91' lang='lat' dir='ltr'>illaesa</span> <span class='ocrx_word' id='word_1_88' title='bbox 1184 2261 1374 2341; x_wconf 88' lang='lat' dir='ltr'>conservari,</span> <span class='ocrx_word' id='word_1_89' title='bbox 1389 2266 1488 2326; x_wconf 91' lang='lat' dir='ltr'>testa·</span> 
     </span>
     <span class='ocr_line' id='line_1_16' title="bbox 307 2351 1487 2436; baseline -0.003 -19"><span class='ocrx_word' id='word_1_90' title='bbox 307 2354 474 2435; x_wconf 88' lang='lat' dir='ltr'>mentique</span> <span class='ocrx_word' id='word_1_91' title='bbox 500 2351 647 2416; x_wconf 84' lang='lat' dir='ltr'>defuncti</span> <span class='ocrx_word' id='word_1_92' title='bbox 671 2353 810 2436; x_wconf 89' lang='lat' dir='ltr'>episcopi</span> <span class='ocrx_word' id='word_1_93' title='bbox 834 2352 1012 2418; x_wconf 88' lang='lat' dir='ltr'>Nitriensis</span> <span class='ocrx_word' id='word_1_94' title='bbox 1038 2353 1136 2417; x_wconf 87' lang='lat' dir='ltr'>Pauli</span> <span class='ocrx_word' id='word_1_95' title='bbox 1162 2351 1391 2431; x_wconf 87' lang='lat' dir='ltr'>Bornemizzie,</span> <span class='ocrx_word' id='word_1_96' title='bbox 1416 2357 1487 2415; x_wconf 89' lang='lat' dir='ltr'>tan-</span> 
     </span>
     <span class='ocr_line' id='line_1_17' title="bbox 309 2439 1488 2527; baseline -0.004 -20"><span class='ocrx_word' id='word_1_97' title='bbox 309 2465 408 2526; x_wconf 91' lang='lat' dir='ltr'>quam</span> <span class='ocrx_word' id='word_1_98' title='bbox 440 2442 585 2527; x_wconf 87' lang='lat' dir='ltr'>legitime</span> <span class='ocrx_word' id='word_1_99' title='bbox 617 2442 697 2506; x_wconf 82' lang='lat' dir='ltr'>iacti</span> <span class='ocrx_word' id='word_1_100' title='bbox 732 2443 954 2506; x_wconf 86' lang='lat' dir='ltr'>executionem</span> <span class='ocrx_word' id='word_1_101' title='bbox 986 2463 1044 2525; x_wconf 89' lang='lat' dir='ltr'>per</span> <span class='ocrx_word' id='word_1_102' title='bbox 1077 2442 1145 2507; x_wconf 92' lang='lat' dir='ltr'>eius</span> <span class='ocrx_word' id='word_1_103' title='bbox 1177 2449 1392 2526; x_wconf 85' lang='lat' dir='ltr'>exequutores</span> <span class='ocrx_word' id='word_1_104' title='bbox 1417 2439 1488 2504; x_wconf 90' lang='lat' dir='ltr'>fieri</span> 
     </span>
     <span class='ocr_line' id='line_1_18' title="bbox 307 2531 1487 2616; baseline -0.003 -20"><span class='ocrx_word' id='word_1_105' title='bbox 307 2537 433 2616; x_wconf 84' lang='lat' dir='ltr'>petunt,</span> <span class='ocrx_word' id='word_1_106' title='bbox 459 2531 663 2596; x_wconf 89' lang='lat' dir='ltr'>considerata</span> <span class='ocrx_word' id='word_1_107' title='bbox 677 2533 746 2596; x_wconf 90' lang='lat' dir='ltr'>eius</span> <span class='ocrx_word' id='word_1_108' title='bbox 765 2533 812 2595; x_wconf 92' lang='lat' dir='ltr'>rei</span> <span class='ocrx_word' id='word_1_109' title='bbox 830 2533 1001 2615; x_wconf 82' lang='lat' dir='ltr'>gravitate,</span> <span class='ocrx_word' id='word_1_110' title='bbox 1018 2534 1186 2614; x_wconf 88' lang='lat' dir='ltr'>petitoque</span> <span class='ocrx_word' id='word_1_111' title='bbox 1203 2534 1302 2597; x_wconf 91' lang='lat' dir='ltr'>etiam</span> <span class='ocrx_word' id='word_1_112' title='bbox 1319 2553 1338 2596; x_wconf 87' lang='lat' dir='ltr'>a</span> <span class='ocrx_word' id='word_1_113' title='bbox 1355 2531 1487 2614; x_wconf 92' lang='lat' dir='ltr'>quibus-</span> 
     </span>
     <span class='ocr_line' id='line_1_19' title="bbox 308 2621 1488 2705; baseline -0.002 -19"><span class='ocrx_word' id='word_1_114' title='bbox 308 2624 382 2686; x_wconf 90' lang='lat' dir='ltr'>dam</span> <span class='ocrx_word' id='word_1_115' title='bbox 415 2623 496 2685; x_wconf 89' lang='lat' dir='ltr'>iuris</span> <span class='ocrx_word' id='word_1_116' title='bbox 519 2621 633 2704; x_wconf 88' lang='lat' dir='ltr'>peritis</span> <span class='ocrx_word' id='word_1_117' title='bbox 661 2622 805 2704; x_wconf 87' lang='lat' dir='ltr'>personis</span> <span class='ocrx_word' id='word_1_118' title='bbox 829 2622 970 2701; x_wconf 85' lang='lat' dir='ltr'>consiliu,</span> <span class='ocrx_word' id='word_1_119' title='bbox 997 2629 1157 2704; x_wconf 89' lang='lat' dir='ltr'>quantum</span> <span class='ocrx_word' id='word_1_120' title='bbox 1180 2643 1239 2705; x_wconf 92' lang='lat' dir='ltr'>pro</span> <span class='ocrx_word' id='word_1_121' title='bbox 1262 2623 1358 2690; x_wconf 57' lang='lat' dir='ltr'>tenui,</span> <span class='ocrx_word' id='word_1_122' title='bbox 1378 2627 1488 2685; x_wconf 90' lang='lat' dir='ltr'>nostro</span> 
     </span>
     <span class='ocr_line' id='line_1_20' title="bbox 308 2711 1487 2795; baseline -0.001 -20"><span class='ocrx_word' id='word_1_123' title='bbox 308 2713 429 2776; x_wconf 91' lang='lat' dir='ltr'>iudicio</span> <span class='ocrx_word' id='word_1_124' title='bbox 452 2711 523 2775; x_wconf 90' lang='lat' dir='ltr'>fieri</span> <span class='ocrx_word' id='word_1_125' title='bbox 547 2713 664 2794; x_wconf 83' lang='lat' dir='ltr'>potuit,</span> <span class='ocrx_word' id='word_1_126' title='bbox 689 2713 858 2794; x_wconf 83' lang='lat' dir='ltr'>negocium</span> <span class='ocrx_word' id='word_1_127' title='bbox 881 2714 988 2795; x_wconf 91' lang='lat' dir='ltr'>ipsum</span> <span class='ocrx_word' id='word_1_128' title='bbox 1012 2713 1045 2775; x_wconf 93' lang='lat' dir='ltr'>in</span> <span class='ocrx_word' id='word_1_129' title='bbox 1070 2720 1262 2776; x_wconf 90' lang='lat' dir='ltr'>accuratum</span> <span class='ocrx_word' id='word_1_130' title='bbox 1290 2713 1487 2794; x_wconf 86' lang='lat' dir='ltr'>suscepimus</span> 
     </span>
     <span class='ocr_line' id='line_1_21' title="bbox 308 2802 586 2866; baseline -0.004 0"><span class='ocrx_word' id='word_1_131' title='bbox 308 2802 586 2866; x_wconf 79' lang='lat' dir='ltr'>consultationem.</span> 
     </span>
    </p>

    <p class='ocr_par' dir='ltr' id='par_1_9' title="bbox 305 2889 1488 3336">
     <span class='ocr_line' id='line_1_22' title="bbox 415 2889 1488 2975; baseline -0.002 -21"><span class='ocrx_word' id='word_1_132' title='bbox 415 2892 461 2956; x_wconf 89' lang='lat' dir='ltr'>Et</span> <span class='ocrx_word' id='word_1_133' title='bbox 485 2893 631 2974; x_wconf 86' lang='lat' dir='ltr'>quamvis</span> <span class='ocrx_word' id='word_1_134' title='bbox 655 2893 688 2955; x_wconf 95' lang='lat' dir='ltr'>in</span> <span class='ocrx_word' id='word_1_135' title='bbox 713 2892 852 2957; x_wconf 87' lang='lat' dir='ltr'>decretis</span> <span class='ocrx_word' id='word_1_136' title='bbox 871 2894 963 2975; x_wconf 89' lang='lat' dir='ltr'>regni</span> <span class='ocrx_word' id='word_1_137' title='bbox 988 2899 1020 2956; x_wconf 89' lang='lat' dir='ltr'>et</span> <span class='ocrx_word' id='word_1_138' title='bbox 1045 2892 1334 2957; x_wconf 87' lang='lat' dir='ltr'>constitutionibus</span> <span class='ocrx_word' id='word_1_139' title='bbox 1350 2889 1488 2972; x_wconf 90' lang='lat' dir='ltr'>publicis</span> 
     </span>
     <span class='ocr_line' id='line_1_23' title="bbox 308 2980 1488 3065; baseline -0.003 -19"><span class='ocrx_word' id='word_1_140' title='bbox 308 2982 483 3065; x_wconf 83' lang='lat' dir='ltr'>diligenter</span> <span class='ocrx_word' id='word_1_141' title='bbox 507 2983 681 3064; x_wconf 88' lang='lat' dir='ltr'>perpensis,</span> <span class='ocrx_word' id='word_1_142' title='bbox 697 2982 779 3045; x_wconf 87' lang='lat' dir='ltr'>nihil</span> <span class='ocrx_word' id='word_1_143' title='bbox 798 2983 888 3063; x_wconf 90' lang='lat' dir='ltr'>certi,</span> <span class='ocrx_word' id='word_1_144' title='bbox 912 2990 971 3047; x_wconf 91' lang='lat' dir='ltr'>aut</span> <span class='ocrx_word' id='word_1_145' title='bbox 995 2983 1090 3064; x_wconf 91' lang='lat' dir='ltr'>firmi,</span> <span class='ocrx_word' id='word_1_146' title='bbox 1108 2982 1147 3046; x_wconf 88' lang='lat' dir='ltr'>de</span> <span class='ocrx_word' id='word_1_147' title='bbox 1164 2982 1368 3047; x_wconf 79' lang='lat' dir='ltr'>testamentis</span> <span class='ocrx_word' id='word_1_148' title='bbox 1388 2980 1488 3044; x_wconf 89' lang='lat' dir='ltr'>domi-</span> 
     </span>
     <span class='ocr_line' id='line_1_24' title="bbox 308 3073 1488 3156; baseline -0.003 -20"><span class='ocrx_word' id='word_1_149' title='bbox 308 3094 423 3137; x_wconf 91' lang='lat' dir='ltr'>norum</span> <span class='ocrx_word' id='word_1_150' title='bbox 447 3073 669 3154; x_wconf 90' lang='lat' dir='ltr'>praelatorum</span> <span class='ocrx_word' id='word_1_151' title='bbox 692 3073 735 3136; x_wconf 90' lang='lat' dir='ltr'>sit</span> <span class='ocrx_word' id='word_1_152' title='bbox 751 3093 954 3156; x_wconf 88' lang='lat' dir='ltr'>expressum:</span> <span class='ocrx_word' id='word_1_153' title='bbox 980 3073 1190 3139; x_wconf 87' lang='lat' dir='ltr'>nihilominus</span> <span class='ocrx_word' id='word_1_154' title='bbox 1214 3079 1323 3136; x_wconf 89' lang='lat' dir='ltr'>tamen</span> <span class='ocrx_word' id='word_1_155' title='bbox 1343 3093 1389 3151; x_wconf 90' lang='lat' dir='ltr'>ea,</span> <span class='ocrx_word' id='word_1_156' title='bbox 1405 3091 1488 3152; x_wconf 90' lang='lat' dir='ltr'>quae</span> 
     </span>
     <span class='ocr_line' id='line_1_25' title="bbox 305 3160 1488 3244; baseline -0.003 -19"><span class='ocrx_word' id='word_1_157' title='bbox 305 3184 349 3226; x_wconf 85' lang='lat' dir='ltr'>ex</span> <span class='ocrx_word' id='word_1_158' title='bbox 382 3162 587 3244; x_wconf 83' lang='lat' dir='ltr'>generalibus</span> <span class='ocrx_word' id='word_1_159' title='bbox 620 3163 816 3243; x_wconf 90' lang='lat' dir='ltr'>quibusdam</span> <span class='ocrx_word' id='word_1_160' title='bbox 849 3163 989 3227; x_wconf 88' lang='lat' dir='ltr'>decretis</span> <span class='ocrx_word' id='word_1_161' title='bbox 1022 3185 1059 3229; x_wconf 93' lang='lat' dir='ltr'>ac</span> <span class='ocrx_word' id='word_1_162' title='bbox 1094 3162 1383 3227; x_wconf 88' lang='lat' dir='ltr'>constitutionibus</span> <span class='ocrx_word' id='word_1_163' title='bbox 1416 3160 1488 3223; x_wconf 88' lang='lat' dir='ltr'>clici</span> 
     </span>
     <span class='ocr_line' id='line_1_26' title="bbox 308 3252 1138 3336; baseline 0 -20"><span class='ocrx_word' id='word_1_164' title='bbox 308 3258 496 3336; x_wconf 90' lang='lat' dir='ltr'>potuerunt,</span> <span class='ocrx_word' id='word_1_165' title='bbox 521 3253 555 3315; x_wconf 94' lang='lat' dir='ltr'>in</span> <span class='ocrx_word' id='word_1_166' title='bbox 579 3252 722 3315; x_wconf 90' lang='lat' dir='ltr'>medium</span> <span class='ocrx_word' id='word_1_167' title='bbox 746 3254 903 3317; x_wconf 90' lang='lat' dir='ltr'>submisse</span> <span class='ocrx_word' id='word_1_168' title='bbox 928 3253 1138 3335; x_wconf 86' lang='lat' dir='ltr'>proferemus.</span> 
     </span>
    </p>

    <p class='ocr_par' dir='ltr' id='par_1_10' title="bbox 308 3341 1488 3606">
     <span class='ocr_line' id='line_1_27' title="bbox 416 3341 1488 3426; baseline 0 -22"><span class='ocrx_word' id='word_1_169' title='bbox 416 3342 462 3405; x_wconf 90' lang='lat' dir='ltr'>Et</span> <span class='ocrx_word' id='word_1_170' title='bbox 485 3343 606 3424; x_wconf 88' lang='lat' dir='ltr'>primo:</span> <span class='ocrx_word' id='word_1_171' title='bbox 632 3342 688 3406; x_wconf 88' lang='lat' dir='ltr'>ubi</span> <span class='ocrx_word' id='word_1_172' title='bbox 713 3343 834 3407; x_wconf 88' lang='lat' dir='ltr'>domini</span> <span class='ocrx_word' id='word_1_173' title='bbox 859 3343 999 3425; x_wconf 88' lang='lat' dir='ltr'>praelati</span> <span class='ocrx_word' id='word_1_174' title='bbox 1022 3349 1209 3426; x_wconf 86' lang='lat' dir='ltr'>proponunt</span> <span class='ocrx_word' id='word_1_175' title='bbox 1229 3362 1303 3406; x_wconf 90' lang='lat' dir='ltr'>suas</span> <span class='ocrx_word' id='word_1_176' title='bbox 1319 3341 1488 3405; x_wconf 84' lang='lat' dir='ltr'>libertates</span> 
     </span>
     <span class='ocr_line' id='line_1_28' title="bbox 309 3431 1488 3514; baseline -0.003 -18"><span class='ocrx_word' id='word_1_177' title='bbox 309 3453 493 3498; x_wconf 89' lang='lat' dir='ltr'>communes</span> <span class='ocrx_word' id='word_1_178' title='bbox 509 3453 576 3496; x_wconf 88' lang='lat' dir='ltr'>esse</span> <span class='ocrx_word' id='word_1_179' title='bbox 586 3438 619 3496; x_wconf 91' lang='lat' dir='ltr'>et</span> <span class='ocrx_word' id='word_1_180' title='bbox 630 3433 789 3514; x_wconf 87' lang='lat' dir='ltr'>aequales,</span> <span class='ocrx_word' id='word_1_181' title='bbox 801 3453 874 3498; x_wconf 92' lang='lat' dir='ltr'>cum</span> <span class='ocrx_word' id='word_1_182' title='bbox 890 3433 1102 3498; x_wconf 89' lang='lat' dir='ltr'>libertatibus</span> <span class='ocrx_word' id='word_1_183' title='bbox 1117 3433 1277 3497; x_wconf 91' lang='lat' dir='ltr'>baronum</span> <span class='ocrx_word' id='word_1_184' title='bbox 1288 3437 1320 3496; x_wconf 89' lang='lat' dir='ltr'>et</span> <span class='ocrx_word' id='word_1_185' title='bbox 1330 3431 1488 3495; x_wconf 91' lang='lat' dir='ltr'>nobilium</span> 
     </span>
     <span class='ocr_line' id='line_1_29' title="bbox 308 3521 1487 3606; baseline -0.003 -20"><span class='ocrx_word' id='word_1_186' title='bbox 308 3523 409 3606; x_wconf 90' lang='lat' dir='ltr'>regni,</span> <span class='ocrx_word' id='word_1_187' title='bbox 434 3523 528 3586; x_wconf 86' lang='lat' dir='ltr'>iuxta</span> <span class='ocrx_word' id='word_1_188' title='bbox 551 3521 635 3585; x_wconf 90' lang='lat' dir='ltr'>decr.</span> <span class='ocrx_word' id='word_1_189' title='bbox 653 3521 741 3605; x_wconf 77' lang='lat' dir='ltr'>Trip.</span> <span class='ocrx_word' id='word_1_190' title='bbox 758 3530 842 3605; x_wconf 90' lang='lat' dir='ltr'>part.</span> <span class='ocrx_word' id='word_1_191' title='bbox 862 3527 888 3586; x_wconf 92' lang='grc'>1.</span> <span class='ocrx_word' id='word_1_192' title='bbox 906 3524 957 3586; x_wconf 90' lang='lat' dir='ltr'>tit.</span> <span class='ocrx_word' id='word_1_193' title='bbox 975 3528 1005 3586; x_wconf 82' lang='lat'>2.</span> <span class='ocrx_word' id='word_1_194' title='bbox 1024 3523 1079 3587; x_wconf 91' lang='lat' dir='ltr'>ubi</span> <span class='ocrx_word' id='word_1_195' title='bbox 1096 3523 1175 3585; x_wconf 90' lang='lat' dir='ltr'>haec</span> <span class='ocrx_word' id='word_1_196' title='bbox 1191 3523 1290 3587; x_wconf 89' lang='lat' dir='ltr'>verba</span> <span class='ocrx_word' id='word_1_197' title='bbox 1306 3522 1487 3586; x_wconf 87' lang='lat' dir='ltr'>habentur:</span> 
     </span>
    </p>

    <p class='ocr_par' dir='ltr' id='par_1_11' title="bbox 308 3609 1489 4052">
     <span class='ocr_line' id='line_1_30' title="bbox 419 3609 1488 3696; baseline -0.003 -20"><span class='ocrx_word' id='word_1_198' title='bbox 419 3609 535 3694; x_wconf 75' lang='lat' dir='ltr'>»Quod</span> <span class='ocrx_word' id='word_1_199' title='bbox 568 3633 677 3675; x_wconf 87' lang='lat' dir='ltr'>omnes</span> <span class='ocrx_word' id='word_1_200' title='bbox 709 3613 832 3676; x_wconf 91' lang='lat' dir='ltr'>domini</span> <span class='ocrx_word' id='word_1_201' title='bbox 864 3613 1012 3696; x_wconf 88' lang='lat' dir='ltr'>praelati,</span> <span class='ocrx_word' id='word_1_202' title='bbox 1048 3619 1081 3676; x_wconf 91' lang='lat' dir='ltr'>et</span> <span class='ocrx_word' id='word_1_203' title='bbox 1106 3613 1314 3677; x_wconf 86' lang='lat' dir='ltr'>ecclesiarum</span> <span class='ocrx_word' id='word_1_204' title='bbox 1339 3616 1488 3690; x_wconf 88' lang='lat' dir='ltr'>rectores,</span> 
     </span>
     <span class='ocr_line' id='line_1_31' title="bbox 308 3701 1488 3785; baseline -0.003 -19"><span class='ocrx_word' id='word_1_205' title='bbox 308 3702 453 3781; x_wconf 91' lang='lat' dir='ltr'>barones,</span> <span class='ocrx_word' id='word_1_206' title='bbox 488 3723 525 3768; x_wconf 90' lang='lat' dir='ltr'>ac</span> <span class='ocrx_word' id='word_1_207' title='bbox 558 3702 678 3766; x_wconf 89' lang='lat' dir='ltr'>coeteri</span> <span class='ocrx_word' id='word_1_208' title='bbox 707 3710 875 3785; x_wconf 88' lang='lat' dir='ltr'>magnates</span> <span class='ocrx_word' id='word_1_209' title='bbox 899 3708 998 3785; x_wconf 89' lang='lat' dir='ltr'>atque</span> <span class='ocrx_word' id='word_1_210' title='bbox 1023 3702 1145 3768; x_wconf 90' lang='lat' dir='ltr'>nobiles</span> <span class='ocrx_word' id='word_1_211' title='bbox 1169 3709 1202 3768; x_wconf 92' lang='lat' dir='ltr'>et</span> <span class='ocrx_word' id='word_1_212' title='bbox 1225 3723 1372 3785; x_wconf 89' lang='lat' dir='ltr'>proceres</span> <span class='ocrx_word' id='word_1_213' title='bbox 1395 3701 1488 3784; x_wconf 90' lang='lat' dir='ltr'>regni</span> 
     </span>
     <span class='ocr_line' id='line_1_32' title="bbox 308 3791 1489 3875; baseline 0 -21"><span class='ocrx_word' id='word_1_214' title='bbox 308 3791 511 3874; x_wconf 87' lang='lat' dir='ltr'>Hungariae,</span> <span class='ocrx_word' id='word_1_215' title='bbox 545 3793 670 3856; x_wconf 91' lang='lat' dir='ltr'>ratione</span> <span class='ocrx_word' id='word_1_216' title='bbox 695 3793 885 3872; x_wconf 89' lang='lat' dir='ltr'>nobilitatis,</span> <span class='ocrx_word' id='word_1_217' title='bbox 918 3799 951 3856; x_wconf 89' lang='lat' dir='ltr'>et</span> <span class='ocrx_word' id='word_1_218' title='bbox 979 3794 1138 3858; x_wconf 91' lang='lat' dir='ltr'>bonorum</span> <span class='ocrx_word' id='word_1_219' title='bbox 1163 3793 1399 3875; x_wconf 88' lang='lat' dir='ltr'>temporalium,</span> <span class='ocrx_word' id='word_1_220' title='bbox 1423 3812 1489 3855; x_wconf 87' lang='lat' dir='ltr'>una</span> 
     </span>
     <span class='ocr_line' id='line_1_33' title="bbox 308 3881 1489 3966; baseline -0.002 -21"><span class='ocrx_word' id='word_1_221' title='bbox 308 3882 484 3964; x_wconf 87' lang='lat' dir='ltr'>eademque</span> <span class='ocrx_word' id='word_1_222' title='bbox 519 3881 692 3962; x_wconf 84' lang='lat' dir='ltr'>libertatis,</span> <span class='ocrx_word' id='word_1_223' title='bbox 726 3883 939 3966; x_wconf 86' lang='lat' dir='ltr'>exemptionis</span> <span class='ocrx_word' id='word_1_224' title='bbox 963 3888 995 3945; x_wconf 89' lang='lat' dir='ltr'>et</span> <span class='ocrx_word' id='word_1_225' title='bbox 1019 3883 1238 3947; x_wconf 90' lang='lat' dir='ltr'>immunitatis</span> <span class='ocrx_word' id='word_1_226' title='bbox 1261 3881 1489 3966; x_wconf 89' lang='lat' dir='ltr'>praerogativa</span> 
     </span>
     <span class='ocr_line' id='line_1_34' title="bbox 310 3972 503 4052; baseline 0 -16"><span class='ocrx_word' id='word_1_227' title='bbox 310 3972 503 4052; x_wconf 78' lang='lat' dir='ltr'>gaudeant«</span> 
     </span>
    </p>

    <p class='ocr_par' dir='ltr' id='par_1_12' title="bbox 307 4061 1488 4322">
     <span class='ocr_line' id='line_1_35' title="bbox 415 4061 1488 4144; baseline -0.005 -18"><span class='ocrx_word' id='word_1_228' title='bbox 415 4062 508 4127; x_wconf 89' lang='lat' dir='ltr'>Haec</span> <span class='ocrx_word' id='word_1_229' title='bbox 540 4061 676 4126; x_wconf 89' lang='lat' dir='ltr'>libertas</span> <span class='ocrx_word' id='word_1_230' title='bbox 709 4062 907 4144; x_wconf 91' lang='lat' dir='ltr'>intelligitur</span> <span class='ocrx_word' id='word_1_231' title='bbox 941 4085 1007 4127; x_wconf 90' lang='lat' dir='ltr'>una</span> <span class='ocrx_word' id='word_1_232' title='bbox 1040 4063 1219 4128; x_wconf 92' lang='lat' dir='ltr'>communis</span> <span class='ocrx_word' id='word_1_233' title='bbox 1253 4083 1320 4127; x_wconf 91' lang='lat' dir='ltr'>esse</span> <span class='ocrx_word' id='word_1_234' title='bbox 1350 4061 1488 4125; x_wconf 89' lang='lat' dir='ltr'>dominis</span> 
     </span>
     <span class='ocr_line' id='line_1_36' title="bbox 307 4150 1488 4236; baseline -0.004 -20"><span class='ocrx_word' id='word_1_235' title='bbox 307 4152 472 4236; x_wconf 87' lang='lat' dir='ltr'>praelatis,</span> <span class='ocrx_word' id='word_1_236' title='bbox 488 4151 667 4217; x_wconf 89' lang='lat' dir='ltr'>baronibus</span> <span class='ocrx_word' id='word_1_237' title='bbox 687 4159 720 4216; x_wconf 92' lang='lat' dir='ltr'>et</span> <span class='ocrx_word' id='word_1_238' title='bbox 735 4153 908 4232; x_wconf 74' lang='lat' dir='ltr'>nobilibus</span> <span class='ocrx_word' id='word_1_239' title='bbox 932 4154 1060 4218; x_wconf 88' lang='lat' dir='ltr'>ratione</span> <span class='ocrx_word' id='word_1_240' title='bbox 1083 4153 1243 4217; x_wconf 91' lang='lat' dir='ltr'>bonorum</span> <span class='ocrx_word' id='word_1_241' title='bbox 1260 4150 1488 4234; x_wconf 88' lang='lat' dir='ltr'>temporalium</span> 
     </span>
     <span class='ocr_line' id='line_1_37' title="bbox 310 4242 1257 4322; baseline 0 -17"><span class='ocrx_word' id='word_1_242' title='bbox 310 4248 342 4306; x_wconf 91' lang='lat' dir='ltr'>et</span> <span class='ocrx_word' id='word_1_243' title='bbox 366 4242 493 4306; x_wconf 89' lang='lat' dir='ltr'>ratione</span> <span class='ocrx_word' id='word_1_244' title='bbox 517 4243 708 4322; x_wconf 85' lang='lat' dir='ltr'>nobilitatis,</span> <span class='ocrx_word' id='word_1_245' title='bbox 733 4264 791 4307; x_wconf 89' lang='lat' dir='ltr'>nec</span> <span class='ocrx_word' id='word_1_246' title='bbox 816 4243 906 4306; x_wconf 87' lang='lat' dir='ltr'>aliud</span> <span class='ocrx_word' id='word_1_247' title='bbox 930 4243 1060 4308; x_wconf 85' lang='lat' dir='ltr'>videtur</span> <span class='ocrx_word' id='word_1_248' title='bbox 1083 4244 1257 4308; x_wconf 88' lang='lat' dir='ltr'>includere.</span> 
     </span>
    </p>

    <p class='ocr_par' dir='ltr' id='par_1_13' title="bbox 277 4321 1489 4688">
     <span class='ocr_line' id='line_1_38' title="bbox 415 4321 1488 4416; baseline -0.002 -21"><span class='ocrx_word' id='word_1_249' title='bbox 415 4332 457 4395; x_wconf 90' lang='lat' dir='ltr'>In</span> <span class='ocrx_word' id='word_1_250' title='bbox 473 4321 584 4396; x_wconf 84' lang='lat' dir='ltr'>eodem</span> <span class='ocrx_word' id='word_1_251' title='bbox 601 4333 684 4396; x_wconf 90' lang='lat' dir='ltr'>decr.</span> <span class='ocrx_word' id='word_1_252' title='bbox 710 4333 799 4415; x_wconf 78' lang='lat' dir='ltr'>Trip.</span> <span class='ocrx_word' id='word_1_253' title='bbox 816 4339 900 4416; x_wconf 91' lang='lat' dir='ltr'>part.</span> <span class='ocrx_word' id='word_1_254' title='bbox 920 4337 946 4396; x_wconf 90' lang='lat'>1.</span> <span class='ocrx_word' id='word_1_255' title='bbox 964 4334 1014 4397; x_wconf 88' lang='lat' dir='ltr'>tit.</span> <span class='ocrx_word' id='word_1_256' title='bbox 1026 4334 1066 4402; x_wconf 90' lang='lat' dir='ltr'>V.</span> <span class='ocrx_word' id='word_1_257' title='bbox 1083 4339 1116 4398; x_wconf 89' lang='lat' dir='ltr'>et</span> <span class='ocrx_word' id='word_1_258' title='bbox 1132 4332 1243 4400; x_wconf 85' lang='lat' dir='ltr'>LVII.</span> <span class='ocrx_word' id='word_1_259' title='bbox 1268 4333 1367 4396; x_wconf 92' lang='lat' dir='ltr'>datur</span> <span class='ocrx_word' id='word_1_260' title='bbox 1386 4330 1488 4395; x_wconf 84' lang='lat' dir='ltr'>facul-</span> 
     </span>
     <span class='ocr_line' id='line_1_39' title="bbox 277 4421 1488 4500; baseline -0.002 -14"><span class='ocrx_word' id='word_1_261' title='bbox 277 4461 280 4468; x_wconf 73' lang='lat'><em>=</em></span> <span class='ocrx_word' id='word_1_262' title='bbox 309 4430 359 4487; x_wconf 91' lang='lat' dir='ltr'>tas</span> <span class='ocrx_word' id='word_1_263' title='bbox 384 4422 522 4486; x_wconf 91' lang='lat' dir='ltr'>dominis</span> <span class='ocrx_word' id='word_1_264' title='bbox 549 4423 727 4487; x_wconf 90' lang='lat' dir='ltr'>baronibus</span> <span class='ocrx_word' id='word_1_265' title='bbox 747 4430 780 4486; x_wconf 91' lang='lat' dir='ltr'>et</span> <span class='ocrx_word' id='word_1_266' title='bbox 799 4424 963 4488; x_wconf 86' lang='lat' dir='ltr'>nobilibus</span> <span class='ocrx_word' id='word_1_267' title='bbox 991 4423 1031 4488; x_wconf 94' lang='lat' dir='ltr'>de</span> <span class='ocrx_word' id='word_1_268' title='bbox 1056 4425 1153 4489; x_wconf 91' lang='lat' dir='ltr'>rebus</span> <span class='ocrx_word' id='word_1_269' title='bbox 1177 4445 1289 4488; x_wconf 89' lang='lat' dir='ltr'>eorum</span> <span class='ocrx_word' id='word_1_270' title='bbox 1305 4421 1488 4500; x_wconf 84' lang='lat' dir='ltr'>mobilibus,</span> 
     </span>
     <span class='ocr_line' id='line_1_40' title="bbox 309 4511 1489 4595; baseline -0.002 -19"><span class='ocrx_word' id='word_1_271' title='bbox 309 4519 342 4576; x_wconf 91' lang='lat' dir='ltr'>et</span> <span class='ocrx_word' id='word_1_272' title='bbox 376 4514 475 4577; x_wconf 91' lang='lat' dir='ltr'>etiam</span> <span class='ocrx_word' id='word_1_273' title='bbox 508 4511 636 4594; x_wconf 85' lang='lat' dir='ltr'>juribus</span> <span class='ocrx_word' id='word_1_274' title='bbox 668 4514 934 4595; x_wconf 89' lang='lat' dir='ltr'>possessionariis,</span> <span class='ocrx_word' id='word_1_275' title='bbox 961 4535 1071 4578; x_wconf 86' lang='lat' dir='ltr'>eorum</span> <span class='ocrx_word' id='word_1_276' title='bbox 1096 4514 1263 4578; x_wconf 90' lang='lat' dir='ltr'>laboribus</span> <span class='ocrx_word' id='word_1_277' title='bbox 1287 4533 1325 4576; x_wconf 87' lang='lat' dir='ltr'>ac</span> <span class='ocrx_word' id='word_1_278' title='bbox 1349 4513 1489 4575; x_wconf 89' lang='lat' dir='ltr'>servitiis</span> 
     </span>
     <span class='ocr_line' id='line_1_41' title="bbox 309 4601 703 4688; baseline 0 -21"><span class='ocrx_word' id='word_1_279' title='bbox 309 4603 487 4687; x_wconf 88' lang='lat' dir='ltr'>acquisitis,</span> <span class='ocrx_word' id='word_1_280' title='bbox 505 4601 703 4688; x_wconf 88' lang='lat' dir='ltr'>disponendi.</span> 
     </span>
    </p>
   </div>
   <div class='ocr_carea' id='block_1_8' title="bbox 0 0 1735 5492">
    <p class='ocr_par' dir='ltr' id='par_1_14' title="bbox 0 0 1735 5492">
     <span class='ocr_line' id='line_1_42' title="bbox 0 0 1735 5492; baseline 0 0"><span class='ocrx_word' id='word_1_281' title='bbox 0 0 1735 5492; x_wconf 95' lang='lat' dir='ltr'> </span> 
     </span>
    </p>
   </div>
  </div>
 </body>
</html>
