3472 5494
327 400 394 459 234
824 402 1013 456 cunnvrinrla

325 612 490 675 expressos
522 591 556 656 in
590 589 668 672 Gap.
701 590 784 654 bene
816 589 948 673 quidem
972 611 997 653 o.
1021 588 1049 652 si
1074 588 1254 671 imperator
1286 586 1350 651 XI.
1384 594 1417 653 et
1440 608 1508 672 cap.

325 702 491 764 nunquam
525 681 566 744 de
597 678 815 746 Pontificibus
846 684 885 742 12
910 679 1120 743 distinctione
1145 682 1186 740 06
1211 698 1279 759 cap.
1304 698 1369 742 non
1392 680 1509 760 potuit.

325 779 358 836 et
381 769 416 836 O.
439 769 551 834 Laicis
575 773 618 834 24
641 791 739 834 causa
765 774 804 833 16
831 782 867 854 qe
892 773 908 831 7
935 767 974 834 d0
994 767 1029 833 O.
1054 767 1201 832 Ecclesia
1219 764 1362 832 Sanctae
1378 767 1508 834 Mariae

326 866 367 924 10
400 881 473 926 cum
506 859 553 924 ibi
585 859 708 923 notatis
740 879 799 941 per
832 859 909 941 glos.
943 865 976 922 et
1009 857 1187 922 scribentes
1220 857 1436 924 communiter
1469 859 1508 923 de

324 949 502 1015 Constitut.
532 947 567 1014 O.
600 947 654 1014 fin.
679 949 718 1013 de
742 949 810 1013 reb.
834 949 957 1014 Eccles.
981 969 1046 1011 non
1070 947 1164 1011 alien.
1188 946 1265 1030 glos.
1289 947 1324 1010 in
1346 967 1372 1011 c.
1396 969 1508 1029 quam-

324 1041 371 1103 vis
396 1045 455 1104 etc.
480 1039 578 1103 verbo
601 1038 771 1121 disponere
795 1038 835 1102 de
859 1037 991 1102 decimis
1015 1057 1088 1100 cum
1112 1036 1275 1121 plerisque
1300 1037 1373 1102 aliis
1396 1038 1508 1121 vulga-

326 1128 427 1193 ribus.

432 1217 483 1282 De
506 1221 544 1281 4⁰
563 1217 679 1282 asserti
713 1217 873 1300 privilegii
897 1216 983 1299 quod
1009 1215 1131 1280 dicitur
1154 1236 1174 1278 a
1197 1214 1345 1279 Martino
1369 1214 1409 1280 V.
1434 1237 1509 1280 con-

324 1328 448 1373 cessum
472 1305 680 1389 Sigismundo
703 1306 771 1372 ΠΙ.
787 1306 977 1389 1000101011
1000 1325 1038 1370 00
1061 1306 1131 1387 regi
1155 1303 1359 1386 Hungariae‚
1382 1307 1508 1378 nullum

323 1397 574 1462 fundamentum
607 1395 679 1461 fieri
699 1397 805 1475 debet,
837 1416 911 1460 cum
944 1417 1008 1460 non
1032 1393 1133 1458 fuerit
1158 1393 1340 1459 exhibitum
1365 1397 1508 1461 autenti·

323 1507 398 1552 cum
421 1487 510 1551 illius
533 1486 728 1552 admonente
752 1485 893 1550 Domino
917 1482 1078 1567 Gregorio
1096 1483 1201 1548 relato
1225 1483 1259 1548 in
1283 1506 1309 1548 c.
1332 1497 1371 1567 0ο
1391 1485 1430 1550 (10
1453 1485 1507 1552 fid.

324 1576 482 1641 Instrum.
507 1573 544 1640 Si
567 1576 764 1658 scripturam
788 1575 989 1640 autenticam
1006 1594 1070 1638 non
1087 1573 1233 1637 videmus
1249 1575 1291 1638 ad
1312 1575 1508 1658 exemplaria

324 1665 407 1730 nihil
430 1666 539 1731 iacere
561 1685 740 1749 possumus,
754 1665 910 1747 nullaque
934 1663 1033 1727 etiam
1058 1661 1134 1728 talis
1150 1663 1312 1746 privilegii
1327 1665 1416 1748 apud
1432 1665 1508 1729 Pla-

324 1756 428 1820 tinam
444 1761 477 1819 et
493 1753 638 1820 Felicem
656 1752 868 1819 Oontelorum
892 1774 996 1835 neque
1020 1753 1053 1816 in
1078 1754 1160 1817 actis
1184 1751 1324 1818 Concilii
1347 1752 1508 1819 Constan-

324 1845 436 1910 tiensis
460 1850 493 1908 et
516 1844 551 1908 in
574 1843 763 1910 Annalibus
782 1841 968 1910 Abrahami
992 1842 1105 1907 Bzovii
1129 1848 1162 1908 et
1185 1841 1319 1910 Odorici
1342 1844 1508 1927 Raynaldi

323 1954 429 2018 neque
451 1933 541 2017 apud
565 1933 738 2017 scriptores
761 1953 871 1998 rerum
895 1932 1165 2015 Hungaricarum
1189 1955 1269 2016 quos
1297 1933 1444 2014 viderim,
1475 1941 1507 1998 et

323 2023 409 2088 enim
430 2023 545 2106 regula
561 2029 610 2088 est
626 2023 709 2088 nulli
733 2021 930 2088 credendum
954 2043 1030 2102 esse,
1055 2022 1112 2106 qui
1135 2022 1217 2088 dicit
1240 2044 1274 2087 se
1297 2023 1418 2088 habere
1441 2026 1508 2107 pri·

322 2113 476 2196 vilegium
499 2111 562 2178 nisi
584 2113 668 2178 illud
691 2112 851 2194 ostendat,
877 2133 977 2196 quam
1000 2113 1119 2176 statuit
1135 2112 1213 2195 glos.
1236 2112 1269 2176 in
1289 2113 1508 2196 praeallegato

324 2203 360 2268 Ο.
384 2202 488 2268 Porro
514 2207 531 2266 7
557 2202 602 2269 V.
622 2224 661 2267 ex
693 2203 835 2285 Inspect.
859 2207 931 2286 post
955 2201 1037 2266 med.
1061 2221 1141 2268 vers.
1166 2202 1252 2267 Item
1275 2210 1507 2285 argumentum

324 2294 365 2357 de
397 2291 551 2375 Privileg.
574 2315 604 2375 p.
630 2298 709 2358 text.
733 2293 768 2356 in
791 2290 826 2358 O.
851 2297 967 2356 contra
997 2312 1120 2356 morem
1144 2297 1164 2355 8
1188 2313 1268 2356 vers.
1293 2299 1353 2356 aut
1375 2293 1404 2357 si
1426 2299 1507 2358 tunc

325 2381 477 2446 ecclesiae
501 2383 635 2464 aliquod
658 2381 843 2466 specialiter
866 2381 947 2446 dicis
966 2402 1033 2445 esse
1052 2401 1247 2462 concessum,
1272 2403 1292 2446 a
1310 2382 1399 2447 vobis
1415 2404 1507 2465 opor-

325 2478 374 2536 tet
398 2471 525 2536 ostendi
542 2472 687 2537 distinct.
715 2475 777 2535 100
794 2492 868 2535 0001
884 2471 1045 2535 similibus
1063 2471 1105 2535 ab
1122 2492 1160 2535 ea
1184 2471 1343 2554 allegatis,
1367 2472 1507 2538 maxime

324 2561 401 2644 quia
426 2561 466 2626 do
489 2561 668 2644 privilegiis
691 2561 775 2626 nihil
790 2559 1002 2624 iudicandum
1019 2566 1076 2640 est
1101 2561 1164 2625 nisi
1181 2568 1250 2626 1010
1267 2582 1379 2626 001001
1394 2570 1506 2628 100010

323 2651 468 2733 10000010
492 2670 530 2715 ac
553 2651 742 2734 ponderate,
760 2651 847 2714 dicto
864 2669 890 2714 c.
904 2649 1007 2714 Porro
1024 2671 1104 2714 vers.
1129 2651 1217 2734 quod
1240 2657 1347 2715 totum
1371 2672 1396 2716 o.
1421 2672 1507 2716 recc-

323 2742 429 2824 pimus
453 2745 473 2802 8
497 2759 577 2805 vers.
600 2740 803 2825 inspicienda
821 2747 899 2804 sunt
918 2760 1003 2821 ergo,
1026 2745 1060 2804 et
1077 2737 1154 2823 Oap.
1178 2742 1351 2824 pastoralis
1370 2748 1410 2808 19
1427 2763 1506 2806 vers.

323 2830 364 2894 ad
390 2830 477 2913 quod
499 2831 730 2913 respondemus
754 2830 842 2893 dicto
866 2830 926 2894 111ο
946 2829 986 2892 (10
1009 2830 1115 2913 privil.
1146 2829 1202 2894 ubi
1226 2838 1259 2894 et
1282 2831 1418 2896 additur
1442 2853 1506 2900 non

323 2919 488 3002 praesumi
512 2918 760 3002 Indulgentiam
784 2917 910 2984 Summi
933 2918 1104 2984 Pontificis
1127 2940 1314 2984 concessum
1338 2922 1425 3004 quod
1442 2921 1506 2988 iuri

325 3009 511 3092 Episcopali
535 3009 672 3092 derogat
694 3010 757 3073 nisi
779 3010 910 3092 legatur
933 3030 1129 3092 expressum.

430 3097 537 3181 Super
566 3104 603 3161 50
632 3121 697 3182 qua
719 3101 900 3182 imperator
923 3105 961 3162 ut
985 3121 1042 3163 rex
1069 3099 1264 3181 Hungariae
1287 3099 1331 3163 sit
1355 3101 1388 3163 10
1413 3102 1506 3183 quasi

324 3189 521 3272 possessione
554 3189 744 3254 nominandi
775 3189 941 3272 praesules
973 3188 1016 3252 ad
1039 3190 1260 3272 episcopatum
1286 3189 1507 3254 Bosniensem.

324 3280 358 3342 in
381 3279 578 3343 instrutione
605 3279 793 3343 transmissa
816 3285 960 3361 quatour
983 3279 1181 3360 provisiones
1200 3279 1338 3342 tandum
1355 3279 1397 3343 ad
1413 3301 1507 3363 prae-

322 3374 481 3432 assertam
514 3368 767 3433 nominationem
800 3368 996 3432 enunciatur
1024 3368 1237 3451 expluribus
1260 3370 1381 3432 secutis
1405 3390 1506 3452 usque

323 3459 357 3521 in
381 3478 534 3541 praesens
557 3459 662 3540 spatio
686 3479 846 3522 annorum
873 3462 945 3522 120.

431 3547 544 3611 Prima
567 3549 717 3613 videlicet
741 3548 801 3612 sub
825 3547 930 3612 Paulo
954 3546 1021 3611 III.
1045 3567 1130 3610 anuo
1156 3550 1251 3626 1541,
1275 3547 1367 3612 00100
1397 3555 1506 3612 tamen

325 3638 447 3701 mentio
470 3657 536 3700 non
560 3637 599 3702 fit
614 3639 649 3702 in
672 3638 787 3702 notula
804 3637 920 3701 habita
936 3658 976 3700 ex
992 3635 1135 3699 archivio
1152 3637 1236 3700 sacri
1253 3637 1389 3720 collegii,
1405 3645 1507 3723 atque

324 3726 404 3792 adeo
436 3725 516 3791 fides
550 3728 626 3792 talis
658 3728 894 3792 enunciaturae
922 3726 1072 3790 redditur
1096 3725 1207 3804 dubia,
1239 3735 1404 3792 asserente
1429 3729 1506 3810 glos.

324 3818 357 3880 in
377 3823 587 3900 extravagan.
611 3837 683 3880 oum
709 3819 795 3882 inter
815 3816 963 3882 nonullos
988 3816 1013 3879 J
1015 3816 1129 3880 oannis
1144 3815 1269 3881 XXII.
1285 3817 1326 3883 V.
1342 3818 1507 3901 probatio-

324 3927 396 3970 nem
420 3906 460 3970 de
483 3907 590 3971 verbis
614 3905 786 3989 siguificat,
810 3905 893 3970 illud
917 3904 1003 3970 effici
1026 3905 1172 3985 dubium,
1189 3913 1223 3971 et
1238 3907 1400 3973 incertum
1414 3909 1507 3971 ouius

323 3995 473 4078 probatio
493 3996 691 4061 admittitur.

431 4084 511 4149 Alia
534 4087 594 4151 sub
619 4085 787 4152 Olemente
797 4084 898 4152 VIII.
915 4106 1001 4150 anno
1020 4090 1104 4149 1600
1130 4086 1164 4148 10
1188 4107 1325 4169 0010000
1349 4087 1506 4151 Ludovici

324 4172 477 4255 Vijliaclr.

431 4262 484 4328 Ac
507 4263 603 4328 binae
627 4263 685 4328 sub
711 4264 814 4329 Paulo
837 4263 879 4330 V.
902 4265 992 4348 prior
1016 4265 1148 4347 quidem
1170 4286 1256 4330 anno
1282 4267 1506 4349 160710001-

324 4372 435 4416 sonam
458 4352 607 4435 Erghelii
630 4355 807 4437 praepositi
834 4353 1027 4437 Zagabriae.
1060 4354 1225 4419 Posterior
1249 4377 1334 4420 anno
1361 4360 1446 4419 1610
1470 4355 1504 4418 10

323 4463 495 4525 personam
517 4442 543 4506 J
544 4445 658 4507 oannis
683 4442 854 4526 Telegdini
876 4445 1053 4527 praepositi
1077 4443 1272 4527 Strigoniae.

431 4531 501 4602 Neo
523 4533 595 4598 istis
626 4533 795 4599 addendae
827 4541 905 4598 sunt
937 4535 1021 4599 aliae
1053 4534 1112 4600 sub
1145 4535 1205 4599 Pio
1229 4533 1291 4599 IV.
1314 4535 1506 4618 simpliciter
