3436 5500
453 459 469 495 Α
496 458 615 496 Macran
639 458 699 496 Klll.
723 459 852 496 KEGYUlll
877 459 929 496 Joo
955 446 1182 498 Tbnrlln'llrhflnz.
1388 439 1405 496 9

223 628 692 694 111111111111111111111111111
726 629 869 710 ipsorum
902 629 1116 693 alteraciones
1145 649 1182 692 ac
1206 629 1405 707 violaciones,

224 720 302 802 ipsis
334 740 392 800 per
425 718 566 782 bullatos
599 718 758 782 hactenus
783 719 943 800 irrogatas
968 725 1000 782 et
1024 719 1117 782 illata
1142 719 1239 782 fuisse
1264 740 1300 781 ac
1325 719 1407 781 irro-

222 809 295 891 gari
329 809 369 872 cle
403 808 554 890 presenti,
589 809 854 873 lamentabilibus
887 808 1018 872 vocibus
1051 815 1083 872 et
1117 800 1260 872 turbatis
1289 809 1406 871 animis

224 899 317 963 nobis
341 897 574 981 propalarunt3
598 897 679 962 adeo
702 899 835 980 insuper
851 919 883 961 se
907 921 966 981 per
990 919 1141 962 censuras
1166 898 1406 976 ecclesiasticas,

226 996 262 1051 ut
295 993 377 1070 puta
410 987 584 1051 citaciones
617 993 711 1051 extra
744 1010 889 1071 regnum.
922 988 1281 1064 excommunicaciones,
1305 989 1406 1050 inter-

221 1079 321 1144 dicta.
355 1077 560 1156 moniciones,
592 1078 814 1159 pecuniarum,
848 1099 966 1156 rerum,
993 1078 1151 1142 bonorum
1175 1078 1289 1141 exinde
1315 1099 1406 1140 exac-

221 1170 339 1246 cioneS,
364 1168 563 1230 extorsiones
588 1175 619 1230 et
644 1167 844 1249 privaciones
870 1173 1031 1249 gravatos,
1056 1168 1228 1250 impeditos
1253 1167 1406 1231 11111111-

224 1265 326 1322 statos
350 1257 583 1334 acclamarunt,
618 1257 705 1338 quod
729 1258 792 1321 nisi
815 1257 988 1338 superinde
1013 1258 1058 1321 cis
1081 1258 1258 1321 remedium
1286 1258 1406 1320 relexa-

219 1348 323 1410 cionis
357 1353 390 1410 et
422 1346 628 1411 liberacionis
667 1347 881 1411 adhiberetur
919 1355 1126 1429 oportunum,
1166 1347 1207 1410 ad
1240 1348 1406 1428 ingentem

225 1437 480 1502 exinanicionem
514 1457 622 1498 rerum
649 1443 682 1499 et
707 1435 874 1515 bonorum,
908 1438 1005 1500 immo
1038 1445 1153 1514 status,
1186 1437 1349 1501 libertatis
1373 1443 1406 1499 et

223 1525 459 1590 iurisdiccionis
491 1526 668 1589 eorundem
692 1527 931 1604 exterminium,
966 1548 1017 1590 eos
1041 1533 1206 1609 oporteret
1239 1527 1405 1602 devenire3

222 1616 443 1698 supplicantes
467 1622 576 1679 nostro
600 1616 735 1679 culmini
759 1616 927 1680 humiliter
941 1623 973 1680 et
991 1616 1113 1696 devote,
1130 1623 1167 1678 ut
1184 1616 1229 1679 eis
1246 1623 1278 1679 et
1295 1638 1405 1679 eorum

221 1707 325 1769 statui
359 1707 527 1787 tociusque
560 1706 652 1787 regni
685 1706 789 1770 nostri
823 1706 962 1770 utilitati
987 1715 1020 1770 et
1044 1706 1175 1770 comodo
1209 1706 1310 1788 regali
1334 1727 1405 1786 pre-

223 1796 306 1859 sidio
323 1801 355 1859 et
372 1795 566 1859 detensionis
586 1794 708 1859 auxilio
733 1816 923 1860 succurrere
947 1796 1167 1877 dignaremur.
1191 1795 1260 1859 Nos
1284 1796 1405 1876 itaque,

208 1887 280 1966 ·qui
305 1891 497 1949 cunctorum
522 1890 554 1948 et
578 1885 731 1968 precipue
755 1885 847 1949 nobis
872 1885 1093 1950 subiectorum
1127 1885 1303 1949 incomodis
1330 1885 1405 1948 sub-

222 1975 339 2052 venire,
373 1980 405 2038 et
437 1975 641 2038 calamitates
673 1974 793 2056 quibus
826 1981 1006 2058 gravantur
1039 1976 1215 2057 reprimere
1248 1972 1405 2051 tenemur,

222 2065 333 2147 eisque
358 2069 426 2128 toto
450 2071 561 2129 nostro
580 2086 671 2146 posse
688 2073 719 2129 et
737 2066 906 2129 voluntate
930 2065 1070 2142 obviare,
1094 2065 1216 2128 auditis
1242 2064 1404 2147 premissis

222 2153 487 2218 lamentabilibus
499 2155 647 2237 querelis,
659 2161 691 2218 et
706 2156 907 2236 experiencia
919 2155 1082 2218 nonnullis
1094 2155 1292 2237 temporibus
1309 2175 1405 2235 super

219 2245 268 2308 eis
292 2251 430 2326 recepta,
464 2245 692 2327 oppressiones,
727 2245 955 2308 nichilominus
989 2251 1021 2308 et
1055 2244 1240 2308 huiusmodi
1266 2244 1405 2307 tribula-

220 2335 337 2410 cioneS,
354 2335 521 2416 hucusque
544 2335 716 2416 presertim
741 2335 791 2398 his
814 2335 970 2416 proximis
994 2334 1232 2399 disturbiornm
1256 2341 1289 2396 et
1313 2333 1404 2414 regni

222 2426 323 2488 nostri
349 2424 531 2488 mocionum
555 2425 756 2506 temporibus
779 2446 837 2506 per
861 2423 1004 2488 bullatos
1028 2445 1065 2488 ac
1088 2425 1176 2502 alios,
1207 2424 1405 2487 auctoritate

221 2514 306 2578 sedis
338 2514 522 2596 apostolice,
555 2535 653 2594 quam
666 2511 691 2595 1)
716 2514 758 2576 ad
782 2515 885 2577 nostri
919 2515 1059 2590 honoris,
1092 2520 1199 2578 status
1225 2520 1257 2576 et
1283 2512 1405 2595 gradus

221 2603 445 2682 deieccionem,
471 2604 562 2684 regni
596 2605 699 2667 nostri
733 2610 765 2667 et
798 2625 914 2668 corone
948 2605 980 2667 in
1010 2605 1110 2667 alium
1144 2604 1404 2680 translacionem,

219 2714 258 2755 ac
292 2693 371 2756 alias
405 2694 445 2756 ad
480 2693 584 2757 nostri
617 2693 751 2758 totalem
784 2693 1019 2776 deposicionem
1053 2693 1217 2758 laborasse
1242 2700 1274 2756 et
1298 2693 1404 2756 adhuc

221 2784 380 2846 sentimus
404 2783 563 2846 indefesse
587 2782 745 2863 laborare,
780 2784 871 2848 nobis
896 2791 928 2847 et
952 2784 1123 2865 regnicolis
1151 2784 1270 2847 nostris
1295 2783 1404 2845 illatas

220 2881 255 2936 et
270 2873 441 2954 irrogatas,
466 2872 572 2936 animo
597 2874 662 2937 iam
686 2873 823 2936 ulterius
844 2874 996 2937 tollerare
1012 2895 1076 2937 non
1092 2872 1236 2937 ¹valentes
1252 2872 1404 2955 pacienti,

218 2963 428 3026 attendentes
451 2963 618 3044 potissime
643 2963 805 3026 nefarium
829 2963 877 3026 illi
901 2963 1088 3027 obediencie
1114 2963 1262 3027 debitum
1286 2963 1404 3025 debere

220 3053 364 3131 reddere,
389 3052 446 3134 qui
469 3052 676 3117 subditorum
701 3053 841 3116 utilitati
865 3058 897 3115 et
920 3053 993 3134 paci
1017 3074 1210 3135 repugnans,
1240 3074 1293 3115 eos
1317 3051 1403 3114 dolo-

217 3142 263 3205 sis
296 3141 604 3220 machinacionibus,
642 3142 823 3206 latentibus
862 3143 988 3207 insidiis
1027 3142 1158 3206 afficere
1196 3149 1228 3205 et
1266 3142 1404 3224 publicis

221 3231 423 3294 nocumentis
448 3253 510 3295 non
536 3232 656 3296 desinit
681 3233 856 3313 lacessam,
889 3233 1033 3296 omnium
1066 3231 1276 3314 prelatorum,
1310 3231 1403 3294 baro-

221 3343 307 3400 num,
341 3342 519 3403 procerum,
553 3321 704 3400 militum,
738 3323 896 3386 nobilium
920 3329 953 3386 et
977 3323 1228 3386 universitatum
1268 3322 1403 3385 dicionis

218 3432 310 3474 sacre
334 3431 450 3475 corone
474 3412 562 3494 regie
586 3411 760 3493 Hungarie
785 3418 885 3495 atque
917 3419 1029 3477 nostro
1059 3412 1192 3476 consilio
1217 3418 1249 3474 et
1274 3419 1403 3475 matura

218 3500 458 3564 deliberacione
475 3501 602 3565 diucius
618 3501 808 3583 prehabitiS,
833 3523 1009 3584 eorumque
1030 3502 1185 3580 utilitate,
1209 3501 1402 3580 intencione,

218 3611 326 3670 ymmo
358 3590 519 3671 peticione
552 3591 593 3654 acl
627 3591 686 3654 hoc
719 3591 807 3654 circa
831 3613 896 3654 nos
928 3591 1164 3670 laborantibus,
1200 3592 1404 3673 presencium

221 3681 311 3758 serie,
334 3681 532 3744 auctoritate
558 3681 701 3744 eiusdem
726 3701 816 3744 sacre
841 3702 957 3745 corone
981 3691 1014 3744 11
1031 3681 1070 3744 de
1087 3681 1291 3763 plenitudine
1316 3681 1403 3761 regie

220 3770 393 3852 potestatis
426 3771 581 3849 volumus,
623 3772 883 3852 pronunciamus,
923 3771 1094 3849 sancimus,
1134 3770 1336 3834 decernimus
1370 3776 1404 3832 et

218 3859 430 3936 declaramus,
457 3860 729 3942 quemadmodum
753 3860 881 3942 pridem
900 3861 1025 3923 iactum
1041 3867 1074 3924 et
1092 3860 1283 3942 dispositum
1304 3860 1403 3924 fuisse

219 3949 399 4028 recolimus
411 3946 438 4028 ²)
472 3956 509 4012 ut
542 3950 651 4013 nullus
680 3950 834 4029 bullatus,
868 3950 1067 4014 auctoritate
1100 3949 1249 4014 videlicet
1276 3955 1403 4030 aposto-

220 4038 283 4100 lica
307 4039 356 4102 vel
385 4039 451 4103 alia
484 4040 597 4119 quavis
630 4045 840 4121 preterquam
872 4047 993 4118 nostra,
1026 4040 1095 4103 sine
1129 4045 1238 4104 nostro
1272 4039 1402 4120 speciali

219 4148 377 4192 consensu
402 4135 435 4192 et
458 4149 590 4194 assensu
617 4128 772 4192 beneficia
806 4129 1023 4194 ecclesiastica
1047 4135 1163 4192 curata
1187 4129 1236 4192 rel
1261 4151 1324 4192 non
1349 4152 1402 4192 cu-

219 4223 302 4282 rata.
320 4218 541 4300 cuiuscunque
558 4218 676 4282 valoris
694 4219 846 4298 existant,
863 4221 948 4284 olim.
966 4219 1015 4281 1111
1029 4218 1275 4298 pei-repausa)
1293 4220 1402 4298 vigore

220 4365 432 4375 αξ*

330 4451 348 4508 ¹)
367 4450 503 4514 Praynal:
529 4448 662 4510 »quoad«.

329 4524 348 4579 2)
367 4518 503 4585 Prayntl:
527 4519 707 4572 »voluimus«.

329 4595 348 4652 3)
368 4597 404 4642 Ez
425 4608 440 4642 a
459 4591 505 4643 ke't
526 4595 569 4642 szd
588 4592 706 4658 Praynal
731 4591 869 4658 hianyzilr.
