<?xml version="1.0" encoding="UTF-8"?>
<!DOCTYPE html PUBLIC "-//W3C//DTD XHTML 1.0 Transitional//EN"
    "http://www.w3.org/TR/xhtml1/DTD/xhtml1-transitional.dtd">
<html xmlns="http://www.w3.org/1999/xhtml" xml:lang="en" lang="en">
 <head>
  <title>
</title>
<meta http-equiv="Content-Type" content="text/html;charset=utf-8" />
  <meta name='ocr-system' content='tesseract 3.04.00' />
  <meta name='ocr-capabilities' content='ocr_page ocr_carea ocr_par ocr_line ocrx_word'/>
</head>
<body>
  <div class='ocr_page' id='page_1' title='image "./oklevltramagyar00frakgoog_0200.png"; bbox 0 0 3458 5492; ppageno 0'>
   <div class='ocr_carea' id='block_1_1' title="bbox 464 465 1421 530">
    <p class='ocr_par' dir='ltr' id='par_1_1' title="bbox 464 465 1421 530">
     <span class='ocr_line' id='line_1_1' title="bbox 464 465 1421 530; baseline -0.006 -1"><span class='ocrx_word' id='word_1_1' title='bbox 464 491 483 530; x_wconf 80' lang='grc'>1</span> <span class='ocrx_word' id='word_1_2' title='bbox 507 491 628 529; x_wconf 71' lang='lat' dir='ltr'>usuras</span> <span class='ocrx_word' id='word_1_3' title='bbox 652 489 710 528; x_wconf 81' lang='grc'><strong>1111.</strong></span> <span class='ocrx_word' id='word_1_4' title='bbox 735 489 864 527; x_wconf 74' lang='lat' dir='ltr'>snorum</span> <span class='ocrx_word' id='word_1_5' title='bbox 888 486 941 526; x_wconf 78' lang='lat' dir='ltr'>roo</span> <span class='ocrx_word' id='word_1_6' title='bbox 964 475 1191 526; x_wconf 77' lang='grc'><strong>111111111111.</strong></span> <span class='ocrx_word' id='word_1_7' title='bbox 1359 465 1421 524; x_wconf 88' lang='lat'>165</span> 
     </span>
    </p>
   </div>
   <div class='ocr_carea' id='block_1_2' title="bbox 241 763 1423 940">
    <p class='ocr_par' dir='ltr' id='par_1_2' title="bbox 241 763 1423 940">
     <span class='ocr_line' id='line_1_2' title="bbox 241 763 1423 850; baseline -0.005 -18"><span class='ocrx_word' id='word_1_8' title='bbox 241 767 271 832; x_wconf 84' lang='lat' dir='ltr'><strong><em>A</em></strong></span> <span class='ocrx_word' id='word_1_9' title='bbox 290 787 428 850; x_wconf 73' lang='lat' dir='ltr'>mquor</span> <span class='ocrx_word' id='word_1_10' title='bbox 447 768 636 832; x_wconf 79' lang='lat' dir='ltr'>toodcsosolc</span> <span class='ocrx_word' id='word_1_11' title='bbox 657 766 787 831; x_wconf 73' lang='grc'><strong>1111161111</strong></span> <span class='ocrx_word' id='word_1_12' title='bbox 804 789 824 832; x_wconf 85' lang='lat' dir='ltr'>o</span> <span class='ocrx_word' id='word_1_13' title='bbox 840 764 1007 830; x_wconf 79' lang='lat' dir='ltr'>libovaolri</span> <span class='ocrx_word' id='word_1_14' title='bbox 1023 764 1149 828; x_wconf 83' lang='lat' dir='ltr'>teetolet</span> <span class='ocrx_word' id='word_1_15' title='bbox 1166 763 1423 844; x_wconf 71' lang='lat' dir='ltr'>ldalreajdrctsdt</span> 
     </span>
     <span class='ocr_line' id='line_1_3' title="bbox 526 853 1115 940; baseline -0.01 -19"><span class='ocrx_word' id='word_1_16' title='bbox 526 877 546 921; x_wconf 88' lang='grc'>6</span> <span class='ocrx_word' id='word_1_17' title='bbox 567 857 663 940; x_wconf 75' lang='lat' dir='ltr'>qura&#39;</span> <span class='ocrx_word' id='word_1_18' title='bbox 687 855 938 940; x_wconf 74' lang='lat' dir='ltr'>dvlraaooolcsciq</span> <span class='ocrx_word' id='word_1_19' title='bbox 962 853 1115 936; x_wconf 75' lang='lat' dir='ltr'>dpye&#39;ben.</span> 
     </span>
    </p>
   </div>
   <div class='ocr_carea' id='block_1_3' title="bbox 165 1013 1424 4682">
    <p class='ocr_par' dir='ltr' id='par_1_3' title="bbox 165 1013 1424 4682">
     <span class='ocr_line' id='line_1_4' title="bbox 348 1013 1422 1082; baseline -0.004 -2"><span class='ocrx_word' id='word_1_20' title='bbox 348 1017 568 1080; x_wconf 90' lang='lat' dir='ltr'>Illustrissimi</span> <span class='ocrx_word' id='word_1_21' title='bbox 601 1037 638 1080; x_wconf 92' lang='lat' dir='ltr'>ao</span> <span class='ocrx_word' id='word_1_22' title='bbox 670 1017 928 1082; x_wconf 80' lang='lat' dir='ltr'>reverendissimi</span> <span class='ocrx_word' id='word_1_23' title='bbox 962 1014 1101 1078; x_wconf 89' lang='lat' dir='ltr'>dominil</span> <span class='ocrx_word' id='word_1_24' title='bbox 1136 1013 1224 1078; x_wconf 84' lang='lat' dir='ltr'>Satis</span> <span class='ocrx_word' id='word_1_25' title='bbox 1249 1015 1422 1077; x_wconf 91' lang='lat' dir='ltr'>turbarum</span> 
     </span>
     <span class='ocr_line' id='line_1_5' title="bbox 239 1103 1423 1188; baseline -0.004 -17"><span class='ocrx_word' id='word_1_26' title='bbox 239 1107 466 1171; x_wconf 88' lang='lat' dir='ltr'>occurentium</span> <span class='ocrx_word' id='word_1_27' title='bbox 490 1106 604 1170; x_wconf 92' lang='lat' dir='ltr'>dietim</span> <span class='ocrx_word' id='word_1_28' title='bbox 629 1127 817 1188; x_wconf 90' lang='lat' dir='ltr'>componere</span> <span class='ocrx_word' id='word_1_29' title='bbox 842 1106 1022 1184; x_wconf 91' lang='lat' dir='ltr'>debuimus,</span> <span class='ocrx_word' id='word_1_30' title='bbox 1040 1103 1212 1187; x_wconf 86' lang='lat' dir='ltr'>quominus</span> <span class='ocrx_word' id='word_1_31' title='bbox 1236 1110 1343 1166; x_wconf 89' lang='lat' dir='ltr'>status</span> <span class='ocrx_word' id='word_1_32' title='bbox 1367 1124 1423 1166; x_wconf 91' lang='lat' dir='ltr'>no-</span> 
     </span>
     <span class='ocr_line' id='line_1_6' title="bbox 238 1192 1423 1276; baseline -0.003 -16"><span class='ocrx_word' id='word_1_33' title='bbox 238 1197 301 1260; x_wconf 88' lang='lat' dir='ltr'>stri</span> <span class='ocrx_word' id='word_1_34' title='bbox 324 1196 517 1276; x_wconf 92' lang='lat' dir='ltr'>inquietudo</span> <span class='ocrx_word' id='word_1_35' title='bbox 541 1203 735 1276; x_wconf 81' lang='lat' dir='ltr'>augeretur3</span> <span class='ocrx_word' id='word_1_36' title='bbox 760 1196 886 1260; x_wconf 89' lang='lat' dir='ltr'>accedit</span> <span class='ocrx_word' id='word_1_37' title='bbox 910 1217 997 1259; x_wconf 90' lang='lat' dir='ltr'>nunc</span> <span class='ocrx_word' id='word_1_38' title='bbox 1021 1215 1103 1257; x_wconf 89' lang='grc'><strong>1616</strong></span> <span class='ocrx_word' id='word_1_39' title='bbox 1128 1192 1283 1272; x_wconf 87' lang='lat' dir='ltr'>molestia,</span> <span class='ocrx_word' id='word_1_40' title='bbox 1297 1193 1423 1256; x_wconf 88' lang='lat' dir='ltr'>ratione</span> 
     </span>
     <span class='ocr_line' id='line_1_7' title="bbox 240 1281 1422 1364; baseline -0.004 -14"><span class='ocrx_word' id='word_1_41' title='bbox 240 1285 471 1350; x_wconf 88' lang='lat' dir='ltr'>beneficiorum</span> <span class='ocrx_word' id='word_1_42' title='bbox 496 1285 699 1349; x_wconf 86' lang='lat' dir='ltr'>custodiatus</span> <span class='ocrx_word' id='word_1_43' title='bbox 724 1291 757 1349; x_wconf 90' lang='lat' dir='ltr'>et</span> <span class='ocrx_word' id='word_1_44' title='bbox 781 1286 992 1349; x_wconf 79' lang='lat' dir='ltr'>canonicatus</span> <span class='ocrx_word' id='word_1_45' title='bbox 1011 1281 1229 1362; x_wconf 86' lang='lat' dir='ltr'>Jaurinensis,</span> <span class='ocrx_word' id='word_1_46' title='bbox 1256 1303 1338 1364; x_wconf 90' lang='lat' dir='ltr'>quae</span> <span class='ocrx_word' id='word_1_47' title='bbox 1362 1283 1422 1346; x_wconf 92' lang='lat' dir='ltr'>sub</span> 
     </span>
     <span class='ocr_line' id='line_1_8' title="bbox 241 1371 1423 1458; baseline -0.004 -20"><span class='ocrx_word' id='word_1_48' title='bbox 241 1376 371 1458; x_wconf 89' lang='lat' dir='ltr'>privata</span> <span class='ocrx_word' id='word_1_49' title='bbox 395 1375 498 1458; x_wconf 89' lang='lat' dir='ltr'>specie</span> <span class='ocrx_word' id='word_1_50' title='bbox 522 1375 687 1457; x_wconf 88' lang='lat' dir='ltr'>publicam</span> <span class='ocrx_word' id='word_1_51' title='bbox 711 1374 875 1439; x_wconf 76' lang='lat' dir='ltr'>libertatis</span> <span class='ocrx_word' id='word_1_52' title='bbox 899 1379 1029 1438; x_wconf 90' lang='lat' dir='ltr'>nostrae</span> <span class='ocrx_word' id='word_1_53' title='bbox 1054 1373 1118 1436; x_wconf 91' lang='lat' dir='ltr'>vim</span> <span class='ocrx_word' id='word_1_54' title='bbox 1148 1373 1277 1435; x_wconf 89' lang='lat' dir='ltr'>videtur</span> <span class='ocrx_word' id='word_1_55' title='bbox 1301 1371 1423 1436; x_wconf 90' lang='lat' dir='ltr'>subdu-</span> 
     </span>
     <span class='ocr_line' id='line_1_9' title="bbox 239 1461 1424 1544; baseline -0.003 -17"><span class='ocrx_word' id='word_1_56' title='bbox 239 1485 321 1528; x_wconf 93' lang='lat' dir='ltr'>cere.</span> <span class='ocrx_word' id='word_1_57' title='bbox 355 1464 476 1527; x_wconf 89' lang='lat' dir='ltr'>Parum</span> <span class='ocrx_word' id='word_1_58' title='bbox 512 1465 594 1528; x_wconf 85' lang='lat' dir='ltr'>forte</span> <span class='ocrx_word' id='word_1_59' title='bbox 619 1466 827 1529; x_wconf 88' lang='lat' dir='ltr'>existimatur</span> <span class='ocrx_word' id='word_1_60' title='bbox 851 1463 1031 1528; x_wconf 91' lang='lat' dir='ltr'>materialis</span> <span class='ocrx_word' id='word_1_61' title='bbox 1055 1462 1156 1544; x_wconf 86' lang='lat' dir='ltr'>gladii</span> <span class='ocrx_word' id='word_1_62' title='bbox 1179 1483 1236 1525; x_wconf 91' lang='lat' dir='ltr'>nos</span> <span class='ocrx_word' id='word_1_63' title='bbox 1260 1461 1424 1525; x_wconf 88' lang='lat' dir='ltr'>exercitiis</span> 
     </span>
     <span class='ocr_line' id='line_1_10' title="bbox 240 1551 1424 1637; baseline -0.004 -19"><span class='ocrx_word' id='word_1_64' title='bbox 240 1554 416 1632; x_wconf 87' lang='lat' dir='ltr'>obversari,</span> <span class='ocrx_word' id='word_1_65' title='bbox 450 1555 506 1635; x_wconf 92' lang='lat' dir='ltr'>qui</span> <span class='ocrx_word' id='word_1_66' title='bbox 539 1575 598 1636; x_wconf 93' lang='lat' dir='ltr'>pro</span> <span class='ocrx_word' id='word_1_67' title='bbox 632 1555 702 1637; x_wconf 91' lang='lat' dir='ltr'>ipsa</span> <span class='ocrx_word' id='word_1_68' title='bbox 734 1555 889 1618; x_wconf 88' lang='lat' dir='ltr'>libertate</span> <span class='ocrx_word' id='word_1_69' title='bbox 922 1552 1045 1617; x_wconf 90' lang='lat' dir='ltr'>tuenda</span> <span class='ocrx_word' id='word_1_70' title='bbox 1079 1553 1184 1615; x_wconf 89' lang='lat' dir='ltr'>multa</span> <span class='ocrx_word' id='word_1_71' title='bbox 1215 1553 1280 1615; x_wconf 85' lang='lat' dir='ltr'>iarn</span> <span class='ocrx_word' id='word_1_72' title='bbox 1305 1551 1424 1614; x_wconf 84' lang='lat' dir='ltr'>funera</span> 
     </span>
     <span class='ocr_line' id='line_1_11' title="bbox 241 1641 1424 1724; baseline -0.002 -18"><span class='ocrx_word' id='word_1_73' title='bbox 241 1643 431 1720; x_wconf 81' lang='lat' dir='ltr'>libavimus3</span> <span class='ocrx_word' id='word_1_74' title='bbox 465 1645 612 1708; x_wconf 89' lang='lat' dir='ltr'>restabat</span> <span class='ocrx_word' id='word_1_75' title='bbox 646 1644 828 1708; x_wconf 89' lang='lat' dir='ltr'>turbationi</span> <span class='ocrx_word' id='word_1_76' title='bbox 852 1651 991 1722; x_wconf 88' lang='lat' dir='ltr'>nostrae,</span> <span class='ocrx_word' id='word_1_77' title='bbox 1021 1648 1058 1704; x_wconf 91' lang='lat' dir='ltr'>ut</span> <span class='ocrx_word' id='word_1_78' title='bbox 1091 1641 1271 1724; x_wconf 88' lang='lat' dir='ltr'>spiritualis</span> <span class='ocrx_word' id='word_1_79' title='bbox 1295 1661 1424 1722; x_wconf 90' lang='lat' dir='ltr'>quoque</span> 
     </span>
     <span class='ocr_line' id='line_1_12' title="bbox 240 1732 1424 1816; baseline -0.003 -21"><span class='ocrx_word' id='word_1_80' title='bbox 240 1733 342 1816; x_wconf 84' lang='lat' dir='ltr'>gladii</span> <span class='ocrx_word' id='word_1_81' title='bbox 365 1733 501 1815; x_wconf 88' lang='lat' dir='ltr'>indigna</span> <span class='ocrx_word' id='word_1_82' title='bbox 525 1740 637 1797; x_wconf 88' lang='lat' dir='ltr'>nostra</span> <span class='ocrx_word' id='word_1_83' title='bbox 661 1735 885 1816; x_wconf 81' lang='lat' dir='ltr'>expectatione</span> <span class='ocrx_word' id='word_1_84' title='bbox 910 1732 1118 1797; x_wconf 82' lang='lat' dir='ltr'>denunciatio</span> <span class='ocrx_word' id='word_1_85' title='bbox 1138 1751 1347 1795; x_wconf 81' lang='lat' dir='ltr'>censurarum</span> <span class='ocrx_word' id='word_1_86' title='bbox 1366 1750 1424 1812; x_wconf 89' lang='lat' dir='ltr'>per</span> 
     </span>
     <span class='ocr_line' id='line_1_13' title="bbox 242 1822 1423 1903; baseline -0.003 -17"><span class='ocrx_word' id='word_1_87' title='bbox 242 1822 398 1886; x_wconf 90' lang='lat' dir='ltr'>nuncium</span> <span class='ocrx_word' id='word_1_88' title='bbox 431 1843 507 1886; x_wconf 90' lang='lat' dir='ltr'>suae</span> <span class='ocrx_word' id='word_1_89' title='bbox 541 1824 726 1887; x_wconf 87' lang='lat' dir='ltr'>sanctitatis</span> <span class='ocrx_word' id='word_1_90' title='bbox 759 1825 933 1887; x_wconf 87' lang='lat' dir='ltr'>insonaret.</span> <span class='ocrx_word' id='word_1_91' title='bbox 957 1822 998 1885; x_wconf 90' lang='lat' dir='ltr'>In</span> <span class='ocrx_word' id='word_1_92' title='bbox 1023 1822 1083 1884; x_wconf 94' lang='grc'><strong>1166</strong></span> <span class='ocrx_word' id='word_1_93' title='bbox 1107 1822 1239 1903; x_wconf 89' lang='lat' dir='ltr'>quidem</span> <span class='ocrx_word' id='word_1_94' title='bbox 1263 1826 1423 1902; x_wconf 91' lang='lat' dir='ltr'>quantum</span> 
     </span>
     <span class='ocr_line' id='line_1_14' title="bbox 240 1911 1423 1996; baseline -0.003 -21"><span class='ocrx_word' id='word_1_95' title='bbox 240 1912 282 1976; x_wconf 94' lang='lat' dir='ltr'>ad</span> <span class='ocrx_word' id='word_1_96' title='bbox 315 1919 462 1975; x_wconf 87' lang='lat' dir='ltr'>sanctam</span> <span class='ocrx_word' id='word_1_97' title='bbox 495 1911 601 1976; x_wconf 92' lang='lat' dir='ltr'>sedern</span> <span class='ocrx_word' id='word_1_98' title='bbox 634 1913 845 1996; x_wconf 90' lang='lat' dir='ltr'>apostolicam</span> <span class='ocrx_word' id='word_1_99' title='bbox 877 1933 993 1994; x_wconf 89' lang='lat' dir='ltr'>parum</span> <span class='ocrx_word' id='word_1_100' title='bbox 1026 1912 1117 1993; x_wconf 84' lang='lat' dir='ltr'>aegri</span> <span class='ocrx_word' id='word_1_101' title='bbox 1150 1911 1300 1993; x_wconf 88' lang='lat' dir='ltr'>gerimus,</span> <span class='ocrx_word' id='word_1_102' title='bbox 1340 1930 1423 1991; x_wconf 92' lang='lat' dir='ltr'>quae</span> 
     </span>
     <span class='ocr_line' id='line_1_15' title="bbox 241 1997 1424 2084; baseline -0.003 -20"><span class='ocrx_word' id='word_1_103' title='bbox 241 2001 373 2084; x_wconf 90' lang='lat' dir='ltr'>quidem</span> <span class='ocrx_word' id='word_1_104' title='bbox 406 2000 484 2065; x_wconf 93' lang='lat' dir='ltr'>dnm</span> <span class='ocrx_word' id='word_1_105' title='bbox 517 2023 574 2065; x_wconf 91' lang='lat' dir='ltr'>suo</span> <span class='ocrx_word' id='word_1_106' title='bbox 608 2002 678 2066; x_wconf 89' lang='lat' dir='ltr'>iure</span> <span class='ocrx_word' id='word_1_107' title='bbox 711 2003 817 2066; x_wconf 91' lang='lat' dir='ltr'>utitur</span> <span class='ocrx_word' id='word_1_108' title='bbox 848 2002 970 2066; x_wconf 88' lang='lat' dir='ltr'>nemini</span> <span class='ocrx_word' id='word_1_109' title='bbox 1001 2000 1123 2064; x_wconf 91' lang='lat' dir='ltr'>iniuria</span> <span class='ocrx_word' id='word_1_110' title='bbox 1155 2005 1273 2064; x_wconf 89' lang='grc'><strong>116161.</strong></span> <span class='ocrx_word' id='word_1_111' title='bbox 1298 1997 1424 2062; x_wconf 91' lang='lat' dir='ltr'>Verum</span> 
     </span>
     <span class='ocr_line' id='line_1_16' title="bbox 241 2089 1423 2175; baseline -0.002 -21"><span class='ocrx_word' id='word_1_112' title='bbox 241 2091 406 2154; x_wconf 78' lang='lat' dir='ltr'>salubrius</span> <span class='ocrx_word' id='word_1_113' title='bbox 430 2092 534 2172; x_wconf 87' lang='lat' dir='ltr'>quieti</span> <span class='ocrx_word' id='word_1_114' title='bbox 554 2098 682 2156; x_wconf 89' lang='lat' dir='ltr'>nostrae</span> <span class='ocrx_word' id='word_1_115' title='bbox 698 2093 863 2175; x_wconf 88' lang='lat' dir='ltr'>provisum</span> <span class='ocrx_word' id='word_1_116' title='bbox 879 2091 973 2170; x_wconf 83' lang='lat' dir='ltr'>foret,</span> <span class='ocrx_word' id='word_1_117' title='bbox 990 2092 1017 2154; x_wconf 93' lang='lat' dir='ltr'>si</span> <span class='ocrx_word' id='word_1_118' title='bbox 1034 2091 1257 2154; x_wconf 87' lang='lat' dir='ltr'>sanctissimus</span> <span class='ocrx_word' id='word_1_119' title='bbox 1274 2089 1423 2153; x_wconf 90' lang='lat' dir='ltr'>dominus</span> 
     </span>
     <span class='ocr_line' id='line_1_17' title="bbox 240 2179 1424 2263; baseline -0.003 -19"><span class='ocrx_word' id='word_1_120' title='bbox 240 2187 350 2244; x_wconf 88' lang='lat' dir='ltr'>noster</span> <span class='ocrx_word' id='word_1_121' title='bbox 374 2181 562 2263; x_wconf 90' lang='lat' dir='ltr'>petentibus</span> <span class='ocrx_word' id='word_1_122' title='bbox 596 2183 687 2263; x_wconf 91' lang='lat' dir='ltr'>regni</span> <span class='ocrx_word' id='word_1_123' title='bbox 720 2183 822 2246; x_wconf 91' lang='lat' dir='ltr'>nostri</span> <span class='ocrx_word' id='word_1_124' title='bbox 857 2180 1014 2245; x_wconf 90' lang='lat' dir='ltr'>beneficia</span> <span class='ocrx_word' id='word_1_125' title='bbox 1038 2186 1229 2244; x_wconf 91' lang='lat' dir='ltr'>consuetum</span> <span class='ocrx_word' id='word_1_126' title='bbox 1253 2179 1424 2242; x_wconf 90' lang='lat' dir='ltr'>obtinendi</span> 
     </span>
     <span class='ocr_line' id='line_1_18' title="bbox 242 2268 1424 2353; baseline -0.002 -19"><span class='ocrx_word' id='word_1_127' title='bbox 242 2270 374 2334; x_wconf 89' lang='lat' dir='ltr'>modum</span> <span class='ocrx_word' id='word_1_128' title='bbox 397 2276 430 2333; x_wconf 91' lang='lat' dir='ltr'>et</span> <span class='ocrx_word' id='word_1_129' title='bbox 446 2270 593 2334; x_wconf 91' lang='lat' dir='ltr'>ordinem</span> <span class='ocrx_word' id='word_1_130' title='bbox 617 2270 818 2350; x_wconf 89' lang='lat' dir='ltr'>decrevisset,</span> <span class='ocrx_word' id='word_1_131' title='bbox 843 2271 1108 2353; x_wconf 87' lang='lat' dir='ltr'>quandoquidem</span> <span class='ocrx_word' id='word_1_132' title='bbox 1133 2268 1173 2331; x_wconf 90' lang='lat' dir='ltr'>ab</span> <span class='ocrx_word' id='word_1_133' title='bbox 1198 2269 1274 2333; x_wconf 91' lang='lat' dir='ltr'>olim</span> <span class='ocrx_word' id='word_1_134' title='bbox 1298 2289 1424 2351; x_wconf 89' lang='lat' dir='ltr'>semper</span> 
     </span>
     <span class='ocr_line' id='line_1_19' title="bbox 242 2359 1423 2440; baseline -0.001 -18"><span class='ocrx_word' id='word_1_135' title='bbox 242 2365 373 2423; x_wconf 89' lang='lat' dir='ltr'>nostrae</span> <span class='ocrx_word' id='word_1_136' title='bbox 406 2359 439 2422; x_wconf 95' lang='lat' dir='ltr'>in</span> <span class='ocrx_word' id='word_1_137' title='bbox 473 2359 533 2422; x_wconf 90' lang='lat' dir='ltr'>hoc</span> <span class='ocrx_word' id='word_1_138' title='bbox 557 2361 707 2424; x_wconf 88' lang='lat' dir='ltr'>libertati</span> <span class='ocrx_word' id='word_1_139' title='bbox 726 2362 872 2425; x_wconf 86' lang='lat' dir='ltr'>delatum</span> <span class='ocrx_word' id='word_1_140' title='bbox 897 2361 995 2438; x_wconf 91' lang='lat' dir='ltr'>novit,</span> <span class='ocrx_word' id='word_1_141' title='bbox 1019 2365 1058 2423; x_wconf 92' lang='lat' dir='ltr'>ut</span> <span class='ocrx_word' id='word_1_142' title='bbox 1081 2360 1132 2422; x_wconf 91' lang='lat' dir='ltr'>ius</span> <span class='ocrx_word' id='word_1_143' title='bbox 1156 2363 1350 2440; x_wconf 91' lang='lat' dir='ltr'>patronatus</span> <span class='ocrx_word' id='word_1_144' title='bbox 1374 2379 1423 2421; x_wconf 92' lang='lat' dir='ltr'>re-</span> 
     </span>
     <span class='ocr_line' id='line_1_20' title="bbox 240 2448 1424 2531; baseline -0.001 -19"><span class='ocrx_word' id='word_1_145' title='bbox 240 2449 757 2530; x_wconf 63' lang='grc'><strong>311111111611116161116166111</strong></span> <span class='ocrx_word' id='word_1_146' title='bbox 780 2450 942 2514; x_wconf 89' lang='lat' dir='ltr'>habuerit.</span> <span class='ocrx_word' id='word_1_147' title='bbox 967 2449 1103 2513; x_wconf 86' lang='lat' dir='ltr'>Poterat</span> <span class='ocrx_word' id='word_1_148' title='bbox 1128 2448 1278 2531; x_wconf 88' lang='lat' dir='ltr'>equidem</span> <span class='ocrx_word' id='word_1_149' title='bbox 1302 2449 1424 2511; x_wconf 90' lang='lat' dir='ltr'>electus</span> 
     </span>
     <span class='ocr_line' id='line_1_21' title="bbox 240 2538 1424 2622; baseline -0.001 -21"><span class='ocrx_word' id='word_1_150' title='bbox 240 2538 453 2616; x_wconf 88' lang='lat' dir='ltr'>Posoniensis‚</span> <span class='ocrx_word' id='word_1_151' title='bbox 477 2561 550 2603; x_wconf 93' lang='lat' dir='ltr'>cum</span> <span class='ocrx_word' id='word_1_152' title='bbox 574 2539 776 2604; x_wconf 88' lang='lat' dir='ltr'>sufficienter</span> <span class='ocrx_word' id='word_1_153' title='bbox 799 2540 862 2622; x_wconf 91' lang='lat' dir='ltr'>ipsi</span> <span class='ocrx_word' id='word_1_154' title='bbox 885 2561 904 2602; x_wconf 93' lang='lat' dir='ltr'>a</span> <span class='ocrx_word' id='word_1_155' title='bbox 929 2561 988 2604; x_wconf 91' lang='lat' dir='ltr'>sua</span> <span class='ocrx_word' id='word_1_156' title='bbox 1016 2539 1188 2602; x_wconf 88' lang='lat' dir='ltr'>maiestate</span> <span class='ocrx_word' id='word_1_157' title='bbox 1220 2543 1424 2601; x_wconf 87' lang='grc'><strong>6666616661</strong></span> 
     </span>
     <span class='ocr_line' id='line_1_22' title="bbox 240 2626 1423 2710; baseline -0.001 -19"><span class='ocrx_word' id='word_1_158' title='bbox 240 2629 330 2710; x_wconf 90' lang='lat' dir='ltr'>regia</span> <span class='ocrx_word' id='word_1_159' title='bbox 362 2629 493 2692; x_wconf 92' lang='lat' dir='ltr'>domino</span> <span class='ocrx_word' id='word_1_160' title='bbox 525 2635 636 2692; x_wconf 88' lang='lat' dir='ltr'>nostro</span> <span class='ocrx_word' id='word_1_161' title='bbox 669 2630 918 2693; x_wconf 89' lang='lat' dir='ltr'>clementissimo</span> <span class='ocrx_word' id='word_1_162' title='bbox 951 2629 993 2692; x_wconf 93' lang='lat' dir='ltr'>sit</span> <span class='ocrx_word' id='word_1_163' title='bbox 1016 2628 1189 2710; x_wconf 90' lang='lat' dir='ltr'>provisum,</span> <span class='ocrx_word' id='word_1_164' title='bbox 1215 2626 1323 2708; x_wconf 90' lang='lat' dir='ltr'>gratia</span> <span class='ocrx_word' id='word_1_165' title='bbox 1346 2647 1423 2690; x_wconf 90' lang='lat' dir='ltr'>suae</span> 
     </span>
     <span class='ocr_line' id='line_1_23' title="bbox 241 2716 1424 2798; baseline -0.001 -17"><span class='ocrx_word' id='word_1_166' title='bbox 241 2718 421 2782; x_wconf 88' lang='lat' dir='ltr'>maiestatis</span> <span class='ocrx_word' id='word_1_167' title='bbox 437 2739 505 2782; x_wconf 88' lang='lat' dir='ltr'>esse</span> <span class='ocrx_word' id='word_1_168' title='bbox 529 2725 719 2797; x_wconf 81' lang='lat' dir='ltr'>contentus3</span> <span class='ocrx_word' id='word_1_169' title='bbox 743 2740 781 2784; x_wconf 89' lang='lat' dir='ltr'>ac</span> <span class='ocrx_word' id='word_1_170' title='bbox 798 2719 938 2783; x_wconf 89' lang='lat' dir='ltr'>dimissis</span> <span class='ocrx_word' id='word_1_171' title='bbox 954 2719 1061 2782; x_wconf 91' lang='lat' dir='ltr'>verbis</span> <span class='ocrx_word' id='word_1_172' title='bbox 1077 2717 1219 2781; x_wconf 88' lang='lat' dir='ltr'>remedia</span> <span class='ocrx_word' id='word_1_173' title='bbox 1237 2716 1424 2798; x_wconf 88' lang='lat' dir='ltr'>quaerenda</span> 
     </span>
     <span class='ocr_line' id='line_1_24' title="bbox 240 2806 1424 2891; baseline 0 -21"><span class='ocrx_word' id='word_1_174' title='bbox 240 2813 327 2887; x_wconf 90' lang='lat' dir='ltr'>sunt,</span> <span class='ocrx_word' id='word_1_175' title='bbox 359 2807 479 2889; x_wconf 91' lang='lat' dir='ltr'>quibus</span> <span class='ocrx_word' id='word_1_176' title='bbox 512 2814 580 2870; x_wconf 90' lang='lat' dir='ltr'>tam</span> <span class='ocrx_word' id='word_1_177' title='bbox 613 2814 752 2888; x_wconf 88' lang='lat' dir='ltr'>nostrae,</span> <span class='ocrx_word' id='word_1_178' title='bbox 787 2831 886 2891; x_wconf 89' lang='lat' dir='ltr'>quam</span> <span class='ocrx_word' id='word_1_179' title='bbox 910 2810 1011 2891; x_wconf 89' lang='lat' dir='ltr'>ipsius</span> <span class='ocrx_word' id='word_1_180' title='bbox 1037 2807 1189 2871; x_wconf 91' lang='lat' dir='ltr'>ecclesiae</span> <span class='ocrx_word' id='word_1_181' title='bbox 1213 2806 1424 2870; x_wconf 84' lang='lat' dir='ltr'>Jaurinensis</span> 
     </span>
     <span class='ocr_line' id='line_1_25' title="bbox 239 2895 1423 2980; baseline -0.001 -20"><span class='ocrx_word' id='word_1_182' title='bbox 239 2897 450 2980; x_wconf 87' lang='lat' dir='ltr'>personisque</span> <span class='ocrx_word' id='word_1_183' title='bbox 482 2896 639 2962; x_wconf 88' lang='lat' dir='ltr'>beneficia</span> <span class='ocrx_word' id='word_1_184' title='bbox 672 2898 729 2961; x_wconf 92' lang='lat' dir='ltr'>illa</span> <span class='ocrx_word' id='word_1_185' title='bbox 767 2919 807 2961; x_wconf 88' lang='grc'>611</span> <span class='ocrx_word' id='word_1_186' title='bbox 846 2898 1057 2980; x_wconf 87' lang='lat' dir='ltr'>dispositione</span> <span class='ocrx_word' id='word_1_187' title='bbox 1096 2897 1205 2978; x_wconf 90' lang='lat' dir='ltr'>regiae</span> <span class='ocrx_word' id='word_1_188' title='bbox 1243 2895 1423 2960; x_wconf 88' lang='lat' dir='ltr'>maiestatis</span> 
     </span>
     <span class='ocr_line' id='line_1_26' title="bbox 240 2985 1423 3070; baseline -0.003 -20"><span class='ocrx_word' id='word_1_189' title='bbox 240 2986 466 3050; x_wconf 85' lang='lat' dir='ltr'>obtinentibus</span> <span class='ocrx_word' id='word_1_190' title='bbox 490 2988 594 3070; x_wconf 89' lang='lat' dir='ltr'>quieti</span> <span class='ocrx_word' id='word_1_191' title='bbox 618 3009 722 3070; x_wconf 88' lang='lat' dir='ltr'>aequa</span> <span class='ocrx_word' id='word_1_192' title='bbox 745 2988 900 3051; x_wconf 88' lang='lat' dir='ltr'>succedat</span> <span class='ocrx_word' id='word_1_193' title='bbox 921 2987 1138 3066; x_wconf 84' lang='lat' dir='ltr'>incolumitas,</span> <span class='ocrx_word' id='word_1_194' title='bbox 1155 2985 1315 3068; x_wconf 90' lang='lat' dir='ltr'>siquidem</span> <span class='ocrx_word' id='word_1_195' title='bbox 1331 3005 1423 3067; x_wconf 89' lang='lat' dir='ltr'>prae-</span> 
     </span>
     <span class='ocr_line' id='line_1_27' title="bbox 240 3074 1424 3160; baseline -0.001 -21"><span class='ocrx_word' id='word_1_196' title='bbox 240 3083 332 3140; x_wconf 86' lang='lat' dir='ltr'>tacta</span> <span class='ocrx_word' id='word_1_197' title='bbox 364 3077 430 3140; x_wconf 88' lang='lat' dir='ltr'>iam</span> <span class='ocrx_word' id='word_1_198' title='bbox 462 3075 619 3141; x_wconf 88' lang='lat' dir='ltr'>beneficia</span> <span class='ocrx_word' id='word_1_199' title='bbox 652 3077 779 3160; x_wconf 91' lang='lat' dir='ltr'>pridem</span> <span class='ocrx_word' id='word_1_200' title='bbox 811 3077 919 3140; x_wconf 92' lang='lat' dir='ltr'>adhuc</span> <span class='ocrx_word' id='word_1_201' title='bbox 946 3077 979 3139; x_wconf 93' lang='lat' dir='ltr'>in</span> <span class='ocrx_word' id='word_1_202' title='bbox 1003 3075 1143 3159; x_wconf 85' lang='lat' dir='ltr'>publicis</span> <span class='ocrx_word' id='word_1_203' title='bbox 1168 3074 1260 3157; x_wconf 87' lang='lat' dir='ltr'>regni</span> <span class='ocrx_word' id='word_1_204' title='bbox 1284 3075 1424 3139; x_wconf 88' lang='lat' dir='ltr'>comitiis</span> 
     </span>
     <span class='ocr_line' id='line_1_28' title="bbox 240 3165 1423 3248; baseline 0.002 -20"><span class='ocrx_word' id='word_1_205' title='bbox 240 3165 385 3248; x_wconf 84' lang='lat' dir='ltr'>proxime</span> <span class='ocrx_word' id='word_1_206' title='bbox 410 3166 541 3246; x_wconf 82' lang='lat' dir='ltr'>exactis,</span> <span class='ocrx_word' id='word_1_207' title='bbox 575 3173 652 3231; x_wconf 91' lang='lat' dir='ltr'>ante</span> <span class='ocrx_word' id='word_1_208' title='bbox 685 3167 918 3231; x_wconf 85' lang='lat' dir='ltr'>exhibitionem</span> <span class='ocrx_word' id='word_1_209' title='bbox 951 3166 1057 3230; x_wconf 90' lang='lat' dir='ltr'>brevis</span> <span class='ocrx_word' id='word_1_210' title='bbox 1090 3165 1252 3247; x_wconf 86' lang='lat' dir='ltr'>apostilici</span> <span class='ocrx_word' id='word_1_211' title='bbox 1280 3165 1423 3248; x_wconf 90' lang='lat' dir='ltr'>personis</span> 
     </span>
     <span class='ocr_line' id='line_1_29' title="bbox 240 3254 1424 3338; baseline 0 -20"><span class='ocrx_word' id='word_1_212' title='bbox 240 3254 364 3320; x_wconf 91' lang='lat' dir='ltr'>idoneis</span> <span class='ocrx_word' id='word_1_213' title='bbox 384 3261 417 3318; x_wconf 89' lang='lat' dir='ltr'>et</span> <span class='ocrx_word' id='word_1_214' title='bbox 436 3255 653 3337; x_wconf 71' lang='lat' dir='ltr'>benemeritis</span> <span class='ocrx_word' id='word_1_215' title='bbox 677 3263 761 3320; x_wconf 90' lang='lat' dir='ltr'>nutu</span> <span class='ocrx_word' id='word_1_216' title='bbox 782 3263 814 3320; x_wconf 92' lang='lat' dir='ltr'>et</span> <span class='ocrx_word' id='word_1_217' title='bbox 832 3257 999 3320; x_wconf 88' lang='lat' dir='ltr'>voluntate</span> <span class='ocrx_word' id='word_1_218' title='bbox 1023 3261 1056 3318; x_wconf 92' lang='lat' dir='ltr'>et</span> <span class='ocrx_word' id='word_1_219' title='bbox 1080 3254 1290 3338; x_wconf 89' lang='lat' dir='ltr'>dispositione</span> <span class='ocrx_word' id='word_1_220' title='bbox 1313 3275 1424 3318; x_wconf 89' lang='lat' dir='ltr'>sacrae</span> 
     </span>
     <span class='ocr_line' id='line_1_30' title="bbox 241 3344 1423 3428; baseline 0 -20"><span class='ocrx_word' id='word_1_221' title='bbox 241 3365 411 3409; x_wconf 85' lang='lat' dir='ltr'>caesareae</span> <span class='ocrx_word' id='word_1_222' title='bbox 430 3346 604 3428; x_wconf 87' lang='lat' dir='ltr'>regiaeque</span> <span class='ocrx_word' id='word_1_223' title='bbox 625 3347 811 3425; x_wconf 89' lang='lat' dir='ltr'>maiestatis,</span> <span class='ocrx_word' id='word_1_224' title='bbox 829 3346 960 3409; x_wconf 89' lang='lat' dir='ltr'>fuerant</span> <span class='ocrx_word' id='word_1_225' title='bbox 976 3344 1234 3409; x_wconf 82' lang='lat' dir='ltr'>irrevocabiliter</span> <span class='ocrx_word' id='word_1_226' title='bbox 1258 3345 1423 3428; x_wconf 88' lang='lat' dir='ltr'>promissa.</span> 
     </span>
     <span class='ocr_line' id='line_1_31' title="bbox 242 3431 1423 3520; baseline 0 -22"><span class='ocrx_word' id='word_1_227' title='bbox 242 3431 438 3516; x_wconf 85' lang='lat' dir='ltr'>Scripsimus</span> <span class='ocrx_word' id='word_1_228' title='bbox 471 3435 570 3498; x_wconf 90' lang='lat' dir='ltr'>ctiam</span> <span class='ocrx_word' id='word_1_229' title='bbox 604 3437 777 3520; x_wconf 88' lang='lat' dir='ltr'>superinde</span> <span class='ocrx_word' id='word_1_230' title='bbox 812 3435 1015 3500; x_wconf 89' lang='lat' dir='ltr'>sanctissimo</span> <span class='ocrx_word' id='word_1_231' title='bbox 1047 3434 1177 3498; x_wconf 92' lang='lat' dir='ltr'>domino</span> <span class='ocrx_word' id='word_1_232' title='bbox 1210 3441 1319 3498; x_wconf 91' lang='lat' dir='ltr'>nostro</span> <span class='ocrx_word' id='word_1_233' title='bbox 1344 3435 1423 3498; x_wconf 90' lang='lat' dir='ltr'>satis</span> 
     </span>
     <span class='ocr_line' id='line_1_32' title="bbox 241 3524 1424 3607; baseline 0.001 -21"><span class='ocrx_word' id='word_1_234' title='bbox 241 3524 390 3606; x_wconf 90' lang='lat' dir='ltr'>amplius,</span> <span class='ocrx_word' id='word_1_235' title='bbox 424 3545 522 3606; x_wconf 90' lang='lat' dir='ltr'>quam</span> <span class='ocrx_word' id='word_1_236' title='bbox 545 3525 580 3588; x_wconf 93' lang='lat' dir='ltr'>in</span> <span class='ocrx_word' id='word_1_237' title='bbox 604 3547 641 3589; x_wconf 89' lang='lat' dir='ltr'>ea</span> <span class='ocrx_word' id='word_1_238' title='bbox 664 3525 769 3589; x_wconf 86' lang='lat' dir='ltr'>forma</span> <span class='ocrx_word' id='word_1_239' title='bbox 802 3526 981 3589; x_wconf 88' lang='lat' dir='ltr'>communis</span> <span class='ocrx_word' id='word_1_240' title='bbox 1015 3529 1127 3588; x_wconf 89' lang='lat' dir='ltr'>nostra</span> <span class='ocrx_word' id='word_1_241' title='bbox 1152 3525 1424 3607; x_wconf 89' lang='lat' dir='ltr'>opportunitasa</span> 
     </span>
     <span class='ocr_line' id='line_1_33' title="bbox 243 3613 1423 3696; baseline 0 -20"><span class='ocrx_word' id='word_1_242' title='bbox 243 3613 336 3678; x_wconf 93' lang='lat' dir='ltr'>nobis</span> <span class='ocrx_word' id='word_1_243' title='bbox 360 3614 471 3694; x_wconf 86' lang='lat' dir='ltr'>exigit,</span> <span class='ocrx_word' id='word_1_244' title='bbox 496 3635 636 3696; x_wconf 90' lang='lat' dir='ltr'>quarum</span> <span class='ocrx_word' id='word_1_245' title='bbox 660 3616 813 3679; x_wconf 89' lang='lat' dir='ltr'>notitiam</span> <span class='ocrx_word' id='word_1_246' title='bbox 829 3637 869 3678; x_wconf 86' lang='lat' dir='ltr'>ex</span> <span class='ocrx_word' id='word_1_247' title='bbox 884 3614 1018 3679; x_wconf 88' lang='lat' dir='ltr'>inclusis</span> <span class='ocrx_word' id='word_1_248' title='bbox 1042 3614 1176 3695; x_wconf 89' lang='lat' dir='ltr'>paribus</span> <span class='ocrx_word' id='word_1_249' title='bbox 1200 3619 1325 3678; x_wconf 89' lang='lat' dir='ltr'>vestrae</span> <span class='ocrx_word' id='word_1_250' title='bbox 1349 3613 1423 3676; x_wconf 92' lang='lat' dir='ltr'>illu·</span> 
     </span>
     <span class='ocr_line' id='line_1_34' title="bbox 243 3702 1423 3786; baseline 0 -20"><span class='ocrx_word' id='word_1_251' title='bbox 243 3702 406 3768; x_wconf 88' lang='lat' dir='ltr'>strisimae</span> <span class='ocrx_word' id='word_1_252' title='bbox 430 3724 467 3767; x_wconf 92' lang='lat' dir='ltr'>ac</span> <span class='ocrx_word' id='word_1_253' title='bbox 487 3703 771 3768; x_wconf 82' lang='lat' dir='ltr'>reverendissimae</span> <span class='ocrx_word' id='word_1_254' title='bbox 791 3704 1029 3767; x_wconf 87' lang='lat' dir='ltr'>dominationes</span> <span class='ocrx_word' id='word_1_255' title='bbox 1054 3703 1236 3785; x_wconf 89' lang='lat' dir='ltr'>intelligere</span> <span class='ocrx_word' id='word_1_256' title='bbox 1260 3707 1423 3786; x_wconf 88' lang='lat' dir='ltr'>poterunt.</span> 
     </span>
     <span class='ocr_line' id='line_1_35' title="bbox 242 3791 1423 3876; baseline 0.002 -18"><span class='ocrx_word' id='word_1_257' title='bbox 242 3791 433 3875; x_wconf 83' lang='lat' dir='ltr'>Scripturus</span> <span class='ocrx_word' id='word_1_258' title='bbox 466 3793 527 3856; x_wconf 91' lang='lat' dir='ltr'>hac</span> <span class='ocrx_word' id='word_1_259' title='bbox 560 3794 600 3858; x_wconf 88' lang='lat' dir='ltr'>de</span> <span class='ocrx_word' id='word_1_260' title='bbox 631 3815 667 3858; x_wconf 92' lang='lat' dir='ltr'>re</span> <span class='ocrx_word' id='word_1_261' title='bbox 699 3793 986 3858; x_wconf 90' lang='lat' dir='ltr'>reverendissimus</span> <span class='ocrx_word' id='word_1_262' title='bbox 1024 3793 1125 3857; x_wconf 90' lang='lat' dir='ltr'>etiam</span> <span class='ocrx_word' id='word_1_263' title='bbox 1163 3792 1423 3876; x_wconf 88' lang='lat' dir='ltr'>archiepiscopus</span> 
     </span>
     <span class='ocr_line' id='line_1_36' title="bbox 241 3879 1423 3965; baseline 0 -19"><span class='ocrx_word' id='word_1_264' title='bbox 241 3879 450 3962; x_wconf 83' lang='lat' dir='ltr'>Ooloczensis,</span> <span class='ocrx_word' id='word_1_265' title='bbox 484 3903 580 3964; x_wconf 88' lang='lat' dir='ltr'>quem</span> <span class='ocrx_word' id='word_1_266' title='bbox 608 3883 813 3965; x_wconf 89' lang='lat' dir='ltr'>potissimum</span> <span class='ocrx_word' id='word_1_267' title='bbox 836 3883 897 3947; x_wconf 90' lang='lat' dir='ltr'>hoc</span> <span class='ocrx_word' id='word_1_268' title='bbox 920 3882 1088 3965; x_wconf 89' lang='lat' dir='ltr'>negotium</span> <span class='ocrx_word' id='word_1_269' title='bbox 1121 3883 1296 3962; x_wconf 89' lang='lat' dir='ltr'>concernit,</span> <span class='ocrx_word' id='word_1_270' title='bbox 1320 3881 1423 3946; x_wconf 93' lang='lat' dir='ltr'>multo</span> 
     </span>
     <span class='ocr_line' id='line_1_37' title="bbox 242 3969 1423 4054; baseline 0.003 -21"><span class='ocrx_word' id='word_1_271' title='bbox 242 3972 383 4036; x_wconf 89' lang='lat' dir='ltr'>uberius.</span> <span class='ocrx_word' id='word_1_272' title='bbox 409 3969 570 4054; x_wconf 80' lang='lat' dir='ltr'>Quocirca</span> <span class='ocrx_word' id='word_1_273' title='bbox 594 3973 830 4038; x_wconf 82' lang='lat' dir='ltr'>illustrissimus</span> <span class='ocrx_word' id='word_1_274' title='bbox 854 3994 891 4036; x_wconf 90' lang='lat' dir='ltr'>ac</span> <span class='ocrx_word' id='word_1_275' title='bbox 916 3972 1200 4038; x_wconf 88' lang='lat' dir='ltr'>reverendissimas</span> <span class='ocrx_word' id='word_1_276' title='bbox 1230 3971 1423 4037; x_wconf 89' lang='lat' dir='ltr'>dominatio·</span> 
     </span>
     <span class='ocr_line' id='line_1_38' title="bbox 241 4062 1424 4145; baseline 0.003 -21"><span class='ocrx_word' id='word_1_277' title='bbox 241 4081 297 4124; x_wconf 90' lang='lat' dir='ltr'>nes</span> <span class='ocrx_word' id='word_1_278' title='bbox 321 4067 445 4126; x_wconf 89' lang='lat' dir='ltr'>vestras</span> <span class='ocrx_word' id='word_1_279' title='bbox 468 4082 620 4144; x_wconf 90' lang='lat' dir='ltr'>rogamus</span> <span class='ocrx_word' id='word_1_280' title='bbox 644 4065 814 4140; x_wconf 89' lang='lat' dir='ltr'>attentius,</span> <span class='ocrx_word' id='word_1_281' title='bbox 839 4069 1000 4144; x_wconf 89' lang='lat' dir='ltr'>quatenus</span> <span class='ocrx_word' id='word_1_282' title='bbox 1032 4062 1160 4145; x_wconf 90' lang='lat' dir='ltr'>placeat</span> <span class='ocrx_word' id='word_1_283' title='bbox 1183 4063 1217 4125; x_wconf 90' lang='lat' dir='ltr'>in</span> <span class='ocrx_word' id='word_1_284' title='bbox 1242 4081 1340 4126; x_wconf 89' lang='lat' dir='ltr'>causa</span> <span class='ocrx_word' id='word_1_285' title='bbox 1363 4062 1424 4128; x_wconf 92' lang='lat' dir='ltr'>hac</span> 
     </span>
     <span class='ocr_line' id='line_1_39' title="bbox 241 4151 1424 4234; baseline 0.003 -21"><span class='ocrx_word' id='word_1_286' title='bbox 241 4151 420 4214; x_wconf 89' lang='lat' dir='ltr'>iustissima</span> <span class='ocrx_word' id='word_1_287' title='bbox 443 4151 530 4232; x_wconf 90' lang='lat' dir='ltr'>apud</span> <span class='ocrx_word' id='word_1_288' title='bbox 555 4151 662 4233; x_wconf 90' lang='lat' dir='ltr'>ipsum</span> <span class='ocrx_word' id='word_1_289' title='bbox 685 4152 925 4216; x_wconf 88' lang='lat' dir='ltr'>sanctissimum</span> <span class='ocrx_word' id='word_1_290' title='bbox 946 4152 1112 4216; x_wconf 92' lang='lat' dir='ltr'>dominum</span> <span class='ocrx_word' id='word_1_291' title='bbox 1136 4159 1285 4216; x_wconf 90' lang='lat' dir='ltr'>nostrum</span> <span class='ocrx_word' id='word_1_292' title='bbox 1309 4171 1424 4234; x_wconf 91' lang='lat' dir='ltr'>oppor-</span> 
     </span>
     <span class='ocr_line' id='line_1_40' title="bbox 241 4239 1423 4324; baseline 0.003 -22"><span class='ocrx_word' id='word_1_293' title='bbox 241 4247 359 4303; x_wconf 89' lang='lat' dir='ltr'>tunum</span> <span class='ocrx_word' id='word_1_294' title='bbox 391 4239 484 4304; x_wconf 92' lang='lat' dir='ltr'>nobis</span> <span class='ocrx_word' id='word_1_295' title='bbox 520 4242 739 4323; x_wconf 88' lang='lat' dir='ltr'>patrocinium</span> <span class='ocrx_word' id='word_1_296' title='bbox 772 4242 933 4322; x_wconf 88' lang='lat' dir='ltr'>exhibere,</span> <span class='ocrx_word' id='word_1_297' title='bbox 974 4242 1172 4324; x_wconf 90' lang='lat' dir='ltr'>instareque,</span> <span class='ocrx_word' id='word_1_298' title='bbox 1211 4247 1247 4304; x_wconf 91' lang='grc'>11</span> <span class='ocrx_word' id='word_1_299' title='bbox 1286 4247 1423 4322; x_wconf 91' lang='lat' dir='ltr'>pensata</span> 
     </span>
     <span class='ocr_line' id='line_1_41' title="bbox 165 4329 1423 4414; baseline 0.002 -22"><span class='ocrx_word' id='word_1_300' title='bbox 165 4402 168 4407; x_wconf 89' lang='lat'><em>.</em></span> <span class='ocrx_word' id='word_1_301' title='bbox 241 4329 410 4393; x_wconf 90' lang='lat' dir='ltr'>devotione</span> <span class='ocrx_word' id='word_1_302' title='bbox 434 4330 581 4410; x_wconf 78' lang='lat' dir='ltr'>ferventi,</span> <span class='ocrx_word' id='word_1_303' title='bbox 607 4353 672 4413; x_wconf 91' lang='lat' dir='ltr'>qua</span> <span class='ocrx_word' id='word_1_304' title='bbox 695 4352 832 4413; x_wconf 88' lang='lat' dir='ltr'>regnum</span> <span class='ocrx_word' id='word_1_305' title='bbox 855 4329 916 4405; x_wconf 88' lang='lat' dir='ltr'>hoc</span> <span class='ocrx_word' id='word_1_306' title='bbox 939 4331 1135 4414; x_wconf 90' lang='lat' dir='ltr'>apostolicae</span> <span class='ocrx_word' id='word_1_307' title='bbox 1159 4330 1227 4394; x_wconf 92' lang='lat' dir='ltr'>sedi</span> <span class='ocrx_word' id='word_1_308' title='bbox 1250 4331 1423 4413; x_wconf 89' lang='lat' dir='ltr'>peculiari-</span> 
     </span>
     <span class='ocr_line' id='line_1_42' title="bbox 241 4418 1423 4503; baseline 0.003 -22"><span class='ocrx_word' id='word_1_309' title='bbox 241 4425 293 4482; x_wconf 90' lang='lat' dir='ltr'>ter</span> <span class='ocrx_word' id='word_1_310' title='bbox 324 4418 476 4499; x_wconf 83' lang='lat' dir='ltr'>afiioitur,</span> <span class='ocrx_word' id='word_1_311' title='bbox 509 4419 557 4484; x_wconf 89' lang='lat' dir='ltr'>ita</span> <span class='ocrx_word' id='word_1_312' title='bbox 589 4422 687 4485; x_wconf 91' lang='lat' dir='ltr'>rebus</span> <span class='ocrx_word' id='word_1_313' title='bbox 720 4443 757 4484; x_wconf 90' lang='lat' dir='ltr'>ac</span> <span class='ocrx_word' id='word_1_314' title='bbox 782 4421 885 4503; x_wconf 89' lang='lat' dir='ltr'>quieti</span> <span class='ocrx_word' id='word_1_315' title='bbox 910 4427 1039 4485; x_wconf 88' lang='lat' dir='ltr'>nostrae</span> <span class='ocrx_word' id='word_1_316' title='bbox 1063 4421 1241 4502; x_wconf 90' lang='lat' dir='ltr'>provideat,</span> <span class='ocrx_word' id='word_1_317' title='bbox 1265 4425 1303 4482; x_wconf 89' lang='grc'>11</span> <span class='ocrx_word' id='word_1_318' title='bbox 1327 4427 1423 4502; x_wconf 87' lang='lat' dir='ltr'>parta</span> 
     </span>
     <span class='ocr_line' id='line_1_43' title="bbox 241 4508 1423 4594; baseline 0.003 -23"><span class='ocrx_word' id='word_1_319' title='bbox 241 4508 283 4572; x_wconf 87' lang='lat' dir='ltr'>ab</span> <span class='ocrx_word' id='word_1_320' title='bbox 307 4509 383 4572; x_wconf 90' lang='lat' dir='ltr'>olim</span> <span class='ocrx_word' id='word_1_321' title='bbox 408 4509 481 4573; x_wconf 90' lang='lat' dir='ltr'>iura</span> <span class='ocrx_word' id='word_1_322' title='bbox 504 4515 537 4574; x_wconf 89' lang='lat' dir='ltr'>et</span> <span class='ocrx_word' id='word_1_323' title='bbox 560 4510 704 4592; x_wconf 88' lang='lat' dir='ltr'>dignitas</span> <span class='ocrx_word' id='word_1_324' title='bbox 720 4511 813 4594; x_wconf 83' lang='lat' dir='ltr'>regni</span> <span class='ocrx_word' id='word_1_325' title='bbox 830 4511 933 4574; x_wconf 89' lang='lat' dir='ltr'>nostri</span> <span class='ocrx_word' id='word_1_326' title='bbox 951 4531 990 4574; x_wconf 88' lang='lat' dir='ltr'>ex</span> <span class='ocrx_word' id='word_1_327' title='bbox 1006 4517 1099 4592; x_wconf 87' lang='lat' dir='ltr'>parte</span> <span class='ocrx_word' id='word_1_328' title='bbox 1124 4510 1310 4573; x_wconf 88' lang='lat' dir='ltr'>sanctitatis</span> <span class='ocrx_word' id='word_1_329' title='bbox 1334 4509 1423 4575; x_wconf 90' lang='lat' dir='ltr'>salva</span> 
     </span>
     <span class='ocr_line' id='line_1_44' title="bbox 241 4598 1422 4682; baseline 0.003 -22"><span class='ocrx_word' id='word_1_330' title='bbox 241 4604 379 4680; x_wconf 88' lang='lat' dir='ltr'>rataque</span> <span class='ocrx_word' id='word_1_331' title='bbox 411 4605 609 4682; x_wconf 88' lang='lat' dir='ltr'>permaneat,</span> <span class='ocrx_word' id='word_1_332' title='bbox 642 4619 701 4664; x_wconf 88' lang='lat' dir='ltr'>nec</span> <span class='ocrx_word' id='word_1_333' title='bbox 725 4600 818 4664; x_wconf 91' lang='lat' dir='ltr'>vilior</span> <span class='ocrx_word' id='word_1_334' title='bbox 843 4620 930 4663; x_wconf 91' lang='lat' dir='ltr'>nunc</span> <span class='ocrx_word' id='word_1_335' title='bbox 954 4605 1110 4681; x_wconf 88' lang='lat' dir='ltr'>appareat</span> <span class='ocrx_word' id='word_1_336' title='bbox 1134 4598 1276 4662; x_wconf 90' lang='lat' dir='ltr'>conditio</span> <span class='ocrx_word' id='word_1_337' title='bbox 1301 4605 1422 4678; x_wconf 88' lang='lat' dir='ltr'>nostra,</span> 
     </span>
    </p>
   </div>
   <div class='ocr_carea' id='block_1_4' title="bbox 0 0 1735 5492">
    <p class='ocr_par' dir='ltr' id='par_1_4' title="bbox 0 0 1735 5492">
     <span class='ocr_line' id='line_1_45' title="bbox 0 0 1735 5492; baseline 0 0"><span class='ocrx_word' id='word_1_338' title='bbox 0 0 1735 5492; x_wconf 95' lang='lat' dir='ltr'> </span> 
     </span>
    </p>
   </div>
  </div>
 </body>
</html>
