3436 5500
319 408 360 466 lo
759 446 761 450 -
815 415 1003 468 omnus-urin

316 599 489 662 literarum
512 599 765 681 apostolicarum
789 605 822 662 et
845 599 1028 680 legatorum
1061 597 1137 675 eius,
1171 619 1227 662 seu
1260 600 1400 676 aliorum
1423 621 1504 682 quo-

316 710 518 770 rumeunque
556 689 759 771 prelatorum
798 689 971 770 acceptari,
1010 689 1139 770 assequi
1177 688 1282 768 solita,
1322 695 1502 772 acceptare,

317 778 444 860 assequi
469 784 502 841 et
526 778 628 842 eciam
652 783 796 860 tempore
822 777 1060 843 disturbiorum
1089 778 1236 860 proxime
1267 779 1501 861 preteritorum

316 867 408 949 regni
432 867 535 930 nostri
559 874 708 931 assecuta
732 874 764 931 et
788 867 924 932 obtenta
952 867 1124 949 possidere,
1157 868 1298 932 retinere
1322 874 1355 931 et
1380 869 1504 934 habere

317 956 514 1044 durantibus
537 955 741 1022 iactantibus
754 952 779 1038 1)
801 957 1040 1020 discensionum
1064 957 1156 1039 regni
1176 958 1280 1022 nostri
1300 959 1504 1041 temporibus

316 1051 346 1110 et
374 1045 524 1126 presenti
556 1047 680 1111 decreto
712 1051 822 1110 aestro
846 1042 1054 1126 tamarcem)
1079 1095 1085 1110 .
1111 1095 1117 1109 .
1144 1041 1181 1127 .³)
1205 1069 1263 1110 nec
1287 1047 1406 1129 aliquis
1429 1070 1500 1130 pre-

315 1137 458 1200 latorum
491 1135 667 1200 eorundem
699 1143 732 1199 et
765 1136 910 1206 virorum
943 1136 1244 1216 ecclesiasticorum,
1279 1137 1503 1218 cuiuscunque

316 1232 431 1304 status,
463 1225 596 1306 ordinis,
630 1225 760 1306 gradus,
794 1225 992 1290 condicionis
1018 1225 1067 1288 vel
1100 1226 1336 1310 preeminencie
1369 1227 1499 1304 existat,

315 1315 439 1398 pariter
473 1314 596 1378 nobiles
629 1315 789 1379 seculares
821 1315 872 1379 ius
904 1321 1098 1398 patronatus
1132 1315 1272 1398 eligendi
1305 1322 1338 1380 et
1370 1337 1499 1398 presen-

316 1405 409 1468 tandi
443 1404 609 1483 habentes,
648 1404 805 1470 beneficia
844 1405 1084 1486 qualiacunque
1123 1405 1172 1468 vel
1212 1405 1502 1488 quomodocunque

315 1493 469 1558 racancia
492 1493 542 1556 vel
567 1500 724 1558 vacatura
757 1493 946 1574 calcataque
974 1493 1147 1574 providere
1171 1499 1200 1558 et
1223 1496 1299 1576 de4)
1325 1495 1369 1558 eis
1394 1495 1499 1578 dispo-

316 1605 400 1663 nere,
434 1584 468 1646 in
492 1589 562 1647 toto
586 1584 635 1646 vel
659 1583 692 1646 in
716 1589 820 1666 parte,
853 1590 964 1665 preter
989 1589 1134 1648 nostram
1157 1585 1369 1663 maiestatem,
1407 1585 1502 1649 cuius

316 1673 531 1756 disposicioni,
555 1673 723 1738 collacioni
748 1679 781 1736 et
805 1673 980 1756 provisioni
1005 1695 1042 1737 ea
1067 1674 1162 1756 pleno
1186 1675 1256 1738 iure
1290 1695 1502 1755 reservamus,

316 1763 488 1846 nullasque
512 1763 625 1827 literas
648 1763 841 1844 apostolicas
865 1769 898 1826 et
921 1763 1089 1846 rescripta,
1122 1764 1343 1845 cuiuscunque
1368 1765 1498 1842 tenoris,

316 1874 371 1916 seu
396 1853 586 1934 legatorum,
611 1851 837 1931 cardinalium,
857 1853 1046 1916 auditorum
1069 1873 1106 1918 ac
1130 1853 1285 1933 iudicum,
1309 1851 1496 1918 officialium

317 1948 349 2005 et
366 1947 576 2006 executorum
593 1962 869 2024 quorumcunque,
894 1942 1010 2006 sivein
1027 1943 1176 2006 Romana
1200 1943 1292 2006 curia
1315 1943 1380 2007 sive
1405 1950 1501 2006 extra

317 2032 459 2111 eandem,
493 2031 715 2114 cuiuscunque
744 2033 875 2111 tenoris,
908 2031 1043 2112 roboris,
1075 2032 1241 2096 firmitatis
1266 2037 1299 2096 et
1324 2033 1501 2096 commina-

316 2120 454 2202 cionis5)
488 2121 640 2201 existant,
674 2121 799 2184 tamin
824 2122 928 2186 causis
961 2121 1213 2202 beneficialibus,
1246 2143 1344 2204 quarn
1368 2123 1401 2184 in
1425 2122 1502 2185 aliis

319 2211 567 2292 quibuscunque
591 2211 696 2274 causis
719 2210 880 2292 litigiosis
904 2212 1129 2276 criminalibus
1144 2213 1195 2276 vel
1210 2211 1395 2295 prophanis,
1412 2233 1499 2274 erna-

316 2307 410 2363 natas
444 2301 493 2364 vel
526 2301 670 2379 obtenta,
703 2300 810 2364 valeat
843 2309 943 2382 atque
977 2303 1095 2385 possit,
1113 2297 1139 2384 6)
1178 2301 1376 2366 auctoritate
1407 2303 1498 2383 regia

316 2390 504 2471 supradicta
537 2389 668 2452 irritum
706 2389 915 2454 decernentes
947 2397 980 2454 et
1013 2393 1109 2455 inane
1141 2391 1169 2454 si
1202 2396 1316 2455 contra
1349 2391 1407 2454 hec
1440 2413 1502 2472 per

316 2479 501 2562 quempiam
524 2480 664 2542 scienter
687 2479 737 2540 vel
760 2479 950 2561 ignoranter
975 2481 1149 2562 contigerit
1182 2480 1390 2562 attemptari;
1424 2501 1497 2544 con-

316 2569 511 2632 tradictores
544 2567 684 2650 denique
709 2575 742 2631 et
764 2569 840 2634 huic
874 2569 1004 2633 decreto
1040 2592 1223 2653 repugnare
1257 2576 1505 2652 attemptantes,

316 2658 437 2720 crimen
470 2659 535 2722 lese
567 2658 748 2722 maiestatis
781 2659 957 2738 incurrere,
990 2667 1022 2723 et
1056 2659 1325 2724 irremissibiliter
1354 2660 1505 2724 volumus

316 2747 477 2828 condigna
510 2747 634 2811 ultione
665 2748 790 2830 punire.
825 2747 985 2830 Quocirca
1009 2749 1099 2813 vobis
1124 2750 1282 2813 universis
1308 2756 1340 2813 et
1364 2749 1502 2830 singulis

315 2838 459 2920 prelatis,
483 2837 667 2914 abbatibus,
691 2837 872 2919 prepositis,
905 2838 1078 2920 prioribus,
1111 2839 1310 2920 guardianis,
1340 2839 1505 2922 capitulis,

316 2927 526 2990 ecclesiarum
548 2927 785 3008 parochialium
809 2934 841 2992 et
864 2929 1062 3009 capellarum
1086 2929 1278 3008 rectoribus
1302 2929 1375 2991 aliis
1400 2929 1501 2991 eciam

316 3016 442 3080 cunetis
475 3015 552 3080 viris
586 3016 818 3096 ecclesiasticis.
852 3017 1074 3100 cuiuscunque
1098 3025 1213 3099 statue,
1247 3019 1444 3082 condicionis
1469 3023 1502 3080 et

316 3107 489 3188 dignitatis
513 3105 665 3182 existant,
697 3105 790 3170 firmo
814 3107 903 3189 regio
927 3109 987 3172 sub
1013 3108 1119 3171 edicto
1142 3129 1201 3171 nec
1226 3129 1290 3170 non
1314 3108 1373 3172 sub
1398 3129 1502 3190 poena

316 3196 433 3278 capitis
457 3202 490 3259 et
512 3195 705 3278 privationis
731 3196 962 3261 beneficiorum
987 3204 1019 3261 et
1043 3218 1153 3261 rerum
1186 3197 1396 3278 singulorum,
1429 3218 1504 3278 pre-

305 3286 465 3368 cipiendo
490 3285 690 3363 mandamus,
716 3292 877 3368 quatenus
893 3287 1009 3352 amodo
1026 3287 1176 3370 deinceps
1193 3287 1299 3350 nullas
1315 3286 1501 3350 huiusmodi

315 3376 429 3440 literas
453 3375 654 3457 apostolicas,
678 3375 871 3456 legatorum,
896 3377 1121 3455 cardinalium,
1154 3377 1341 3440 auditorum
1367 3382 1399 3438 et
1423 3376 1501 3438 alio-

315 3487 389 3528 rum
413 3465 600 3546 quorumvis
624 3464 769 3527 iudicum
794 3471 826 3528 et
850 3465 1039 3530 officialium
1063 3467 1153 3530 curie
1175 3466 1331 3545 Romane,
1355 3485 1413 3528 nec
1437 3487 1501 3528 non

317 3555 498 3634 citacioneS,
523 3553 746 3634 inhibiciones,
769 3555 937 3638 rescripta,
964 3555 1172 3619 execuciones
1196 3561 1229 3618 et
1254 3576 1421 3638 processus
1446 3577 1501 3618 cu-

316 3645 497 3726 iuscunque
521 3643 643 3708 tenoris
667 3644 818 3724 existant,
844 3646 964 3708 tamin
984 3645 1136 3710 causibus
1156 3644 1230 3723 (ste)
1247 3644 1502 3724 beneficialibus,

316 3756 415 3815 quarn
447 3735 481 3797 in
515 3733 584 3798 foro
617 3733 828 3813 contenciosq
862 3735 928 3799 sive
952 3735 986 3798 in
1010 3735 1099 3798 dicta
1123 3735 1270 3799 Romana
1302 3736 1402 3814 curia,
1435 3734 1501 3796 sive

317 3830 420 3902 extra,
444 3845 502 3907 per
527 3844 737 3906 quoscunque
760 3823 884 3888 iudices
907 3822 1140 3907 principalesl)
1159 3830 1191 3887 et
1208 3829 1396 3888 executores
1415 3845 1501 3887 erna-

317 3920 411 3975 natas
436 3921 468 3976 et
491 3914 634 3990 obtenta,
659 3913 811 3994 recipere,
836 3915 1004 3996 publicare
1029 3921 1061 3976 et
1085 3914 1270 3978 execucioni
1295 3913 1500 3992 demandare,

317 4049 531 4062 ξ-

427 4127 445 4184 1)
465 4130 502 4176 Ez
522 4142 538 4177 a
556 4128 599 4177 szo
619 4125 749 4192 hianyzik
768 4126 896 4192 Praynal.

426 4201 445 4254 ··’)
465 4201 505 4248 Az
523 4197 613 4248 utolso
633 4201 663 4248 o't
682 4199 725 4248 szo
744 4197 850 4248 szioten
869 4195 999 4263 hianyzik
1019 4197 1146 4262 Prayna'rl.

438 4273 445 4325 )
464 4267 629 4320 Ket-harom
648 4271 691 4320 sno
711 4285 741 4319 az
760 4268 922 4320 credetiben
941 4267 1155 4320 olvashatatlan.

426 4275 434 4300 ³

425 4342 445 4398 ⁴)
466 4344 488 4390 A
509 4342 582 4407 negy
601 4340 692 4392 utolso
712 4343 755 4392 szo
775 4340 881 4392 szinten
900 4338 1030 4406 hianyzik
1050 4339 1177 4406 Praynal.

426 4415 445 4471 ⁶)
464 4411 601 4477 Praynal:
625 4411 840 4463 »continentie«.

425 4487 445 4541 θ)
465 4483 601 4548 Praynal:
625 4483 752 4534 »valeant
772 4487 857 4546 atque
883 4483 1015 4549 possint«.

426 4559 444 4612 1)
464 4555 584 4620 Praynal
596 4557 613 4604 :'
627 4554 782 4620 »papales«.
