3458 5500
471 483 490 522 A
513 483 635 522 neoris
659 485 718 523 nm.
740 483 872 524 renerum
895 484 949 524 roe
972 470 1203 524 ronrsrnrrirrnz.
1367 467 1431 526 305

247 656 495 742 intraprendere
528 657 561 719 la
593 655 719 720 fabrica
754 657 794 719 de
826 657 965 738 processi
997 679 1055 740 per
1088 657 1117 720 le
1150 658 1309 722 occasioni
1349 659 1433 724 delle

246 766 394 824 vacanne,
418 745 477 810 che
506 745 745 810 suceederanno
769 747 822 809 nel
846 747 1000 812 suddetto
1025 767 1133 828 regno.
1158 749 1233 811 Ele
1250 747 1343 812 bacio
1366 769 1427 814 ecc.

353 835 458 899 Roma
485 833 534 899 24.
559 833 744 900 Settembre
771 840 865 900 1701.

354 995 389 1054 (A
408 992 536 1044 vatikani
555 992 738 1046 leveltarban.
759 993 886 1046 Nuntiat.
907 997 998 1047 Germ.
1017 999 1077 1047 Vol.
1098 1001 1140 1046 44.
1160 1012 1186 1062 p.
1209 993 1291 1057 103l.)

739 1245 934 1314 OXOVIH.

799 1413 893 1473 1701.

246 1568 568 1653 Amopyororsacipi
597 1570 819 1652 piispolcse'pclr
846 1568 1010 1652 jeppac'lre,
1035 1589 1076 1632 aa
1099 1570 1222 1633 oaokro
1254 1572 1433 1636 conotloao‘

439 1659 621 1724 bineocae'si
638 1659 696 1742 joy
720 1661 967 1724 termesactc'nelc
991 1658 1235 1738 felemb'tcsevel.

354 1818 570 1900 Episcopatus
595 1818 687 1900 regni
716 1817 890 1900 Hungarie
914 1839 988 1880 cum
1011 1818 1155 1894 annexis,
1181 1819 1237 1899 qui
1261 1817 1303 1880 ad
1327 1818 1431 1882 norni-

245 1908 409 1970 nationem
434 1928 603 1971 caesareae
627 1907 817 1989 majestatis
841 1929 897 1972 seu
921 1907 1044 1972 liberae
1068 1907 1249 1971 collationis
1273 1913 1357 1971 sunt.

352 1994 524 2078 Agriensis
548 1997 591 2060 ad
615 1996 878 2061 nominationem.

353 2084 516 2149 Arbensis
539 2087 572 2150 in
597 2084 731 2151 Oroatia
755 2087 815 2150 sub
840 2083 977 2151 Venetis
1001 2087 1124 2151 liberae
1148 2085 1338 2150 collationis.

353 2175 528 2240 Bosnensis
550 2176 593 2239 ad
617 2175 881 2240 nominationem.

353 2262 584 2330 Ozanadiensis
606 2266 649 2329 ad
674 2265 937 2334 nominationem

353 2352 537 2418 Ooloeensis
561 2361 593 2418 et
618 2355 827 2419 Bacchiensis
849 2355 891 2418 ad
917 2354 1180 2419 nominationem.
1310 2431 1313 2436 Ι

351 2441 580 2508 Oorbaviensis
603 2445 637 2508 in
661 2442 796 2510 Oroatia
820 2451 868 2509 est
892 2444 1004 2508 eadem
1028 2463 1066 2508 ac
1091 2443 1337 2508 Modrusiensis.

351 2532 538 2598 Jauriensis
562 2534 604 2597 ad
628 2535 906 2612 nominationem.

352 2623 594 2690 Muncaciensis
618 2646 683 2688 non
707 2625 807 2689 adest.

353 2713 531 2778 Nitriensis
555 2714 597 2778 ad
623 2715 887 2778 nominationem.

351 2802 514 2868 Nouensis
537 2804 572 2866 in
596 2804 816 2886 Erazegovina
839 2804 962 2867 liberae
987 2802 1178 2866 collationis.

351 2889 706 2974 Quinqueecclesiensis
729 2895 772 2957 ad
796 2894 1060 2958 nominationem.

348 2981 545 3046 Resonensis
569 2982 603 3044 in
633 2981 812 3062 Sclavenia
836 3003 923 3046 nunc
947 2981 1007 3046 sub
1033 2979 1178 3059 Venetis,
1202 2977 1429 3044 Oastelnuovo.

349 3067 610 3134 Samandriensis
633 3073 667 3134 in
692 3071 812 3150 Servia,
836 3072 960 3136 liberae
983 3069 1175 3138 collationis.

349 3157 581 3224 Scardonensis
597 3161 632 3224 in
648 3161 827 3241 Dalmatia,
853 3162 895 3224 ad
915 3159 1213 3243 praesentationem
1229 3155 1429 3240 reipublicae

241 3247 458 3314 Venetiensis.

349 3336 619 3404 Sehwidnicensis
643 3361 707 3404 non
731 3340 832 3404 adest.

348 3426 531 3511 Scopiensis
562 3425 596 3492 in
630 3428 799 3493 Dalmatia
832 3451 887 3494 seu
922 3428 1043 3492 finibus
1077 3425 1196 3491 Bosnie
1210 3435 1278 3508 ‘per
1301 3423 1426 3506 Propa-

240 3517 390 3597 gandam.

348 3605 533 3690 Segniensis
558 3614 590 3671 et
614 3608 851 3672 Modrusiensis
875 3608 916 3671 ad
940 3605 1204 3671 nominationem.

348 3696 534 3762 Sirmiensis
558 3697 601 3760 ad
625 3698 890 3762 nominationem.

347 3785 550 3868 Stagniensis
575 3787 609 3849 in
635 3785 805 3852 Dalmatia
832 3788 874 3852 ad
900 3784 1197 3869 praesentationem
1226 3781 1426 3868 reipublicae

238 3871 435 3953 Ragusinae.

347 3964 580 4047 Strigoniensis
605 3965 647 4028 ad
671 3966 935 4030 nominationem.

348 4053 512 4118 Tiniensis
536 4055 578 4118 ad
602 4056 867 4120 nominationem.

347 4144 651 4226 Transylvaniensis
675 4146 718 4210 ad
742 4145 1006 4210 nominationem.

346 4233 575 4298 Tribuniensis
599 4255 656 4316 per
680 4235 940 4317 Propagandam.

345 4323 516 4388 Vaciensis
539 4322 582 4386 ad
606 4325 869 4389 nominationem.

346 4413 560 4479 Varadiensis
584 4413 627 4477 ad
650 4415 915 4478 nominationem.

345 4503 610 4584 Wesprimicnsis
634 4503 677 4566 ad
700 4503 963 4568 nominationem.

344 4591 577 4675 Zagrabiensis
602 4592 643 4656 ad
668 4594 932 4658 nominationem.

281 4715 456 4764 oscnvnnrin
479 4723 496 4758 Δ
520 4727 548 4761 ιι.
572 4725 598 4760 n.
622 4725 743 4760 snorum
766 4727 815 4762 soe
839 4717 990 4765 roan-nna.
