3436 5500
297 413 320 470 8
799 421 986 472 oxnsvdnrln

299 605 398 669 sterio
423 605 584 668 incumbit
598 612 631 669 et
651 612 784 688 spectat,
809 627 867 688 pro
891 607 1135 688 presentacione
1159 608 1321 688 legittima
1337 630 1394 689 per
1418 631 1484 687 nos,

296 695 365 758 sive
398 695 482 777 ipsos
516 695 639 759 nobiles
675 695 849 760 ordinariis
887 695 993 760 fienda
1024 697 1192 761 nominent
1223 703 1256 760 et
1287 706 1482 779 presentent.

300 783 427 848 Deinde
453 805 608 867 cumpro
632 791 726 866 parte
758 787 961 867 prefatorum
994 786 1154 850 abbatum
1187 793 1220 850 et
1252 788 1483 851 monachorum

300 874 468 938 informati
497 875 604 953 simus
636 875 722 956 quod
756 875 1007 956 dilapidaciones
1032 883 1065 940 et
1089 877 1182 939 ruine
1213 878 1483 940 monasteriorum

298 971 332 1028 et
357 965 495 1027 maxime
518 984 559 1026 ex
582 986 627 1040 eo,
652 963 739 1046 quod
763 986 897 1046 persone
916 966 1076 1029 seculares
1093 971 1125 1028 et
1145 965 1336 1046 sacerdotes,
1360 988 1483 1030 necnon

299 1054 419 1117 fratres
451 1054 589 1117 aliorum
622 1054 774 1117 ordinum
808 1075 866 1136 per
898 1062 1043 1120 nostram
1075 1055 1310 1134 celsitudinem,
1344 1063 1401 1120 aut
1426 1078 1484 1138 per

295 1143 403 1207 dictos
437 1143 560 1207 nobiles
593 1144 635 1208 ad
668 1143 821 1208 abbacias
854 1150 1122 1226 promoverentur
1147 1151 1179 1208 et
1203 1151 1482 1226 presentarentur,

300 1234 475 1313 evenirent,
498 1255 555 1296 nos
580 1233 806 1298 nichilominus
825 1233 1011 1299 huiusmodi
1034 1233 1334 1315 periclitacionibus
1350 1235 1482 1299 obviare

299 1323 474 1406 cupientes,
508 1322 717 1386 decernentes
750 1324 915 1388 sanximus
949 1330 982 1387 et
1010 1324 1195 1402 statuimus,
1221 1325 1307 1406 quod
1332 1325 1482 1407 deinceps

300 1418 333 1475 et
356 1413 490 1477 inantea
513 1413 621 1476 nullus
645 1413 840 1476 secularium
871 1435 1091 1496 personarum,
1125 1413 1332 1477 sacerdotum
1355 1436 1393 1477 ac
1417 1416 1483 1478 ira-

300 1507 390 1565 trum
413 1501 550 1566 alterius
574 1502 696 1566 ordinis
720 1502 761 1566 ad
786 1503 939 1584 aliquam,
968 1504 1033 1567 sive
1058 1503 1246 1585 quampiam
1270 1505 1482 1568 abbaciarum

299 1592 444 1655 eiusdem
478 1592 600 1655 ordinis
639 1593 673 1655 in
712 1613 812 1674 regno
843 1600 952 1658 nostro
984 1599 1216 1656 uacaturarum
1246 1602 1484 1674 promoveatur,

301 1703 413 1744 verum
437 1681 548 1744 eedem
571 1681 707 1746 abbacie
732 1683 905 1760 monachia,
929 1703 985 1746 seu
1009 1682 1169 1746 fratribus
1194 1683 1337 1746 eiusdem
1361 1685 1484 1748 ordinis

300 1771 424 1834 idoneis
451 1771 614 1835 duntaxat
647 1778 680 1834 et
714 1770 952 1836 sufficientibus
984 1772 1195 1854 gubernande
1227 1779 1260 1836 et
1292 1774 1483 1854 possidenda

278 1897 280 1905 ,
300 1861 462 1942 legittime
486 1861 705 1925 conferantur.
739 1861 780 1923 In
804 1862 897 1925 cuius
920 1863 968 1926 rei
992 1863 1214 1926 testimonium
1240 1870 1406 1944 presentes
1429 1864 1484 1927 lit-

300 1956 395 2029 teras,
421 1951 536 2014 secreti
560 1951 659 2033 sigilli
683 1951 786 2014 nostri
810 1952 989 2016 munimine
1015 1953 1192 2030 roboratas,
1210 1952 1363 2034 sepefatis
1383 1954 1484 2018 abbo-

300 2041 389 2105 tibus
414 2047 446 2103 et
469 2041 635 2105 monachis
668 2041 820 2104 duximus
852 2042 1081 2106 concedendas.
1115 2041 1240 2106 Datum
1272 2042 1484 2124 Thyrnawye,

299 2130 440 2194 secundo
465 2129 517 2193 die
540 2130 616 2194 festi
640 2130 785 2194 omnium
809 2138 1006 2212 sanctorum,
1040 2153 1125 2195 anno
1159 2131 1281 2195 domini
1315 2133 1483 2196 millesimo

300 2220 526 2284 trecentesimo
551 2220 757 2302 nonagesimo
781 2221 891 2284 tercio.

407 2366 518 2440 (ittirva
531 2395 547 2430 a
560 2377 667 2429 csornai
687 2378 809 2429 konvent
832 2385 908 2429 1507.
926 2380 1028 2442 januar
1048 2378 1135 2430 rra-ili
1154 2379 1342 2431 oklevele'ben.
1358 2382 1381 2428 A
1395 2381 1483 2428 scent-

299 2449 421 2500 martoni
441 2449 587 2517 ldapatsag
606 2448 805 2501 leveltaraban.
826 2454 914 2516 Capsa
935 2458 975 2501 29.
996 2454 1039 2512 Α.)

864 2775 924 2840 IV.

774 2941 867 3000 1404.
891 2937 976 3019 april
1001 2943 1029 3000 6.

300 3095 478 3177 Zstpmoad
502 3097 684 3180 lircilppolt
708 3119 728 3162 o
752 3099 1018 3182 rrroppmorsadpi
1043 3095 1227 3163 rendelrba7
1250 3098 1384 3162 litterati
1407 3117 1483 3161 rea-

300 3184 406 3263 delete,
427 3187 606 3269 nntelpbcn
624 3189 841 3270 jooodolmot·
865 3190 1169 3270 odornoippoaosdra
1185 3191 1217 3250 c's
1228 3209 1324 3268 peres
1343 3189 1485 3270 appelare

486 3279 665 3342 cortotleoeo‘
683 3279 790 3358 popei
813 3279 923 3342 ballol·
947 3278 1148 3361 elfopodo'ecil
1176 3274 1300 3358 stipor)

732 3456 938 3521 Deliberacio
963 3457 1086 3520 domini
1109 3457 1194 3538 regis
1218 3464 1250 3519 et
1274 3457 1443 3521 baronum.

408 3597 477 3661 Nos
507 3596 735 3680 sigismundus
768 3599 831 3662 Dei
864 3601 973 3681 gracia
1004 3621 1059 3663 rex
1093 3599 1275 3682 Hungarie,
1307 3597 1484 3674 Dalmaoie,

302 3684 438 3750 Oroacie
462 3694 521 3752 etc.
547 3689 756 3770 marchioque
781 3690 1118 3771 Brandenburgensis,
1151 3690 1237 3754 sacri
1260 3689 1402 3753 Romani
1425 3690 1484 3752 im-

301 3775 384 3856 perii
409 3777 549 3841 vicarius
573 3779 733 3859 generalis
750 3784 783 3842 et
801 3780 893 3861 regni
914 3779 1069 3844 Bohemie
1094 3779 1303 3860 gubernator,
1328 3779 1485 3842 universis

301 3869 334 3927 et
358 3866 495 3947 singulis
518 3875 684 3951 presentes
708 3869 902 3950 inspecturis
927 3875 959 3933 et
982 3869 1154 3951 presertim
1177 3869 1379 3951 presencium
1403 3869 1485 3931 serie

301 3953 449 4019 volumus
473 3955 543 4020 fieri
567 3958 786 4038 manifestum,
821 3959 979 4040 quomodo
1003 3959 1161 4039 nonnulli,
1184 3979 1290 4040 ymmo
1315 3959 1485 4039 quamplu-

302 4066 353 4107 res
378 4046 539 4127 regnicole
563 4049 675 4128 nostri,
701 4049 910 4112 ecclesiastici
934 4049 1085 4112 videlicet
1109 4055 1141 4112 et
1165 4049 1333 4125 seculares,
1359 4046 1484 4110 creber-

301 4134 392 4196 rimis
416 4135 540 4200 vicibus
573 4137 803 4202 tribulationes
827 4144 859 4201 et
884 4140 1076 4219 exactiones
1109 4139 1258 4221 dampna,
1290 4143 1485 4199 nocumenta

412 4351 430 4410 ¹)
450 4354 522 4401 Ezen
550 4349 642 4403 okirat
670 4352 798 4418 snbveget
826 4349 906 4415 Prop
935 4349 1090 4416 (Specimen
1109 4347 1296 4400 Hierarchiae.
1316 4351 1337 4398 1.
1359 4349 1485 4405 92—96.)

301 4419 410 4472 kerolto
429 4437 540 4489 ugynn,
570 4421 603 4473 de
623 4421 707 4474 mivel
727 4438 791 4474 ezen
811 4420 901 4472 kdzles
921 4421 1000 4472 bibas
1022 4423 1049 4472 es
1071 4419 1195 4488 heregos,
1215 4417 1413 4486 sziikse'gesnek
1432 4418 1485 4468 lat-

302 4491 353 4541 tul
382 4508 447 4544 ezerr
475 4491 711 4562 nagyfontossagri
740 4493 864 4544 okiratot
892 4492 1062 4544 kivetelesen
1094 4491 1172 4556 njbol
1204 4489 1321 4552 ko'zblni,
1354 4488 1484 4554 Kollanyi

301 4566 420 4615 Ferencz
440 4564 578 4616 miraeumi
597 4564 780 4631 konyxtrir-dr
799 4565 832 4615 rin
852 4567 950 4630 pontos
970 4563 1105 4616 masolata
1123 4566 1251 4628 nyoman.
