3454 5492
464 470 480 508 1
504 467 624 509 Macran
649 469 707 510 11111.
732 469 937 510 11010111οο
961 457 1191 511 rdartrartxsz.
1359 451 1419 512 111

233 640 324 705 ‘altre
349 641 412 706 mie
435 643 465 706 le
490 640 531 706 hb
555 641 679 719 scritto,
705 664 748 706 un
773 643 870 708 breve
885 643 919 707 in
936 644 1045 708 buona
1063 643 1166 708 forma
1182 647 1202 708 a
1219 665 1277 708 sua
1298 649 1421 711 maesta

239 731 273 794 in
297 739 412 813 questa
445 732 592 814 materia,
625 755 688 798 non
718 732 877 816 potrebbe
900 753 1005 798 essere
1029 754 1149 798 senon
1174 733 1207 798 di
1231 736 1331 800 molto
1354 735 1421 818 gio·

239 827 398 902 ramento,
422 823 666 888 rimettendomi
690 823 724 886 in
748 825 864 905 questa
888 823 979 886 etin
1003 823 1075 905 ogn'
1099 823 1185 888 altra
1208 845 1281 888 cosa
1297 825 1329 888 al
1344 847 1421 908 pru-

239 911 427 976 dentissimo
447 912 589 995 giudicio
613 913 647 976 di
670 934 697 977 v.
716 935 740 977 s.
764 913 847 977 inme
871 918 904 976 et
926 926 990 976 rma
1013 913 1078 978 alla
1102 913 1198 995 quale
1222 936 1281 979 con
1306 921 1420 998 questo

238 999 302 1064 fine
318 1001 532 1067 humilmente
547 1002 641 1068 bacio
657 1003 687 1067 le
702 1004 844 1083 maniat
859 1024 959 1085 prego
975 1002 1030 1067 dal
1041 1000 1159 1084 Signor
1169 1005 1245 1086 ogni
1258 1011 1420 1069 contento.

239 1090 283 1154 Di
307 1091 438 1158 Vienna
461 1096 481 1156 a
505 1097 557 1157 23.
581 1092 615 1156 di
639 1090 771 1174 Giugno
798 1095 893 1156 1572.

345 1253 382 1311 (A
401 1249 528 1303 vatikani
547 1249 729 1303 leveltdrban.
750 1249 878 1302 Nuntiat.
900 1253 989 1302 Germ.
1011 1249 1071 1304 Vol.
1092 1257 1143 1316 69„
1163 1249 1211 1304 fol.
1233 1253 1285 1314 1⁷.)

734 1590 920 1658 LXXXV.

713 1757 806 1819 1572.
830 1754 950 1836 junius.

236 1914 287 1980 Aa
309 1911 496 1995 eselclpomi
519 1913 610 1976 ossele
634 1933 655 1978 a
679 1912 761 1977 bc'csi
781 1913 887 1994 pdpci
918 1914 1135 1980 continuat
1169 1915 1419 1998 bdzbeajctrutsdt

237 2004 307 2068 1011
341 2003 384 2083 ll,
417 2024 439 2067 a
470 2001 658 2067 bematotott
685 2003 858 2084 pltspdko'k
890 2005 1174 2088 maperdsiteaeoelc
1206 2009 1239 2069 e's
1270 2027 1290 2071 a
1322 2007 1417 2088 dtsjclc

567 2093 813 2176 eleopede'ce'aek
833 2093 1086 2160 kiesslcdzlc‘se're.

342 2255 514 2320 Habemus
536 2253 570 2316 in
595 2253 771 2337 Hungarie
794 2255 912 2320 electos
944 2257 1109 2338 episcopos
1141 2261 1309 2339 quattuor.
1343 2256 1416 2322 Ste-

235 2346 379 2428 phanum
418 2344 600 2409 Radecium
637 2343 680 2408 ad
718 2345 940 2428 episcopatum
972 2345 1217 2413 Varadiensem.
1253 2347 1278 2412 J
1280 2367 1416 2410 oannem

235 2436 400 2500 Listhium
425 2434 467 2498 ad
491 2434 713 2517 episcopatum
737 2435 1033 2518 Wesprimiensem,
1062 2435 1226 2501 doannem
1251 2435 1416 2502 Monoalai

234 2527 275 2590 ad
299 2527 521 2609 episcopatum
545 2521 930 2606 Quinqueecclesiensem.
964 2526 1039 2591 Duo
1070 2527 1275 2609 episcopatus
1297 2533 1416 2592 vacant

234 2613 415 2698 Agriensis,
439 2621 474 2678 01
499 2613 693 2679 Jauriensis

341 2705 569 2788 Supplicamus
592 2704 722 2770 assidue
746 2709 784 2768 111
807 2704 982 2770 clementer
1006 2707 1227 2787 conferantur,
1244 2727 1284 2770 ne
1308 2713 1341 2770 et
1365 2725 1415 2770 10-

234 2797 311 2878 ligio
335 2795 532 2879 negligatur,
556 2799 589 2858 et
612 2794 765 2860 ecclesiae
789 2795 993 2862 cathedrales
1018 2796 1213 2862 desolentur.

340 2886 499 2950 Maiestas
522 2904 673 2948 caesarea
696 2905 821 2966 semper
840 2885 1016 2950 clementer
1041 2885 1135 2950 nobis
1158 2886 1339 2969 respondet,
1359 2886 1415 2949 sed

234 2977 376 3040 nondum
400 2980 560 3060 apparent
585 2972 729 3040 effectus.

340 3065 431 3130 IllIna
452 3086 492 3129 ac
515 3077 579 3128 r111a
602 3062 782 3129 dominatio
805 3071 923 3144 vestra,
947 3085 1107 3146 rogamus,
1131 3065 1221 3130 iuvet
1252 3066 1414 3148 supplica·

232 3155 337 3219 tiones
370 3160 497 3219 nostras
529 3154 711 3236 patrocinio
744 3175 810 3218 suo.
842 3154 949 3236 quue
981 3155 1047 3218 iam
1079 3155 1139 3219 hoc
1171 3161 1324 3237 tempore,
1349 3178 1413 3238 quo

232 3267 311 3327 opus
337 3250 386 3310 est
410 3243 575 3328 episcopis,
606 3265 670 3309 non
694 3244 797 3310 solum
821 3244 963 3308 ecclesiis
987 3250 1020 3309 et
1042 3244 1201 3327 religioni,
1233 3245 1412 3310 sedetiam

231 3335 398 3417 proximae
421 3333 633 3399 coronationi.

339 3422 403 3507 Qui
428 3423 559 3506 quidem
582 3442 682 3505 parvo
706 3430 739 3487 01
762 3424 894 3507 negocio
918 3430 951 3489 01
974 3430 1108 3508 sumptu
1124 3423 1228 3490 creari
1259 3430 1412 3507 possunt3

232 3514 370 3580 maxime
403 3521 512 3578 tamen
546 3513 693 3578 utilitate
726 3513 840 3595 futuri,
874 3536 914 3578 ne
948 3521 1060 3580 nostra
1083 3520 1116 3580 01
1139 3514 1258 3594 divina,
1290 3520 1323 3578 et
1352 3515 1412 3578 hn-

231 3625 327 3668 mana
351 3611 515 3684 corruant,
549 3603 677 3668 utiam
699 3611 856 3686 ceperunt
880 3626 984 3686 ruere,
1018 3605 1164 3687 neglecto
1197 3605 1412 3670 ecclesiastico

231 3695 353 3759 ordine.

338 3781 390 3849 Ac
414 3783 440 3848 si
464 3784 528 3848 duo
553 3783 626 3848 novi
658 3783 799 3866 episcopi
832 3784 1002 3850 dabuntur
1034 3805 1142 3867 regno,
1174 3785 1296 3868 poterit
1329 3784 1411 3848 illma

230 3874 412 3957 amplitudo
435 3881 543 3939 vestra
565 3895 624 3956 pro
648 3872 894 3941 confirmatione
918 3893 973 3938 sex
996 3875 1218 3958 episcoporum
1234 3874 1322 3957 apud
1338 3896 1411 3938 san-

230 3965 411 4028 ctissimum
428 3964 594 4029 dominum
609 3970 758 4029 nostrum
773 3963 1033 4044 intercederent
1049 3965 1146 4029 simul
1165 3970 1198 4030 01
1213 3965 1311 4030 semel
1326 3964 1411 4028 banc

230 4054 488 4119 benedictionem
521 4053 673 4119 ecclesiae
704 4059 835 4118 nostrae
858 4054 1040 4137 patrocinio
1063 4054 1161 4118 11111188
1184 4054 1411 4138 amplitudinis

230 4151 356 4210 vestrae
379 4151 630 4227 consequantur,
654 4143 704 4208 sin
729 4144 836 4209 minus
859 4166 917 4226 pro
943 4149 1085 4226 quatuor
1117 4144 1300 4225 dumtaxat,
1330 4165 1411 4227 quos

229 4235 324 4299 initio
341 4235 504 4299 nominavi
529 4255 592 4298 non
617 4233 811 4316 gravabitur
833 4234 937 4316 primo
961 4254 1090 4316 quoque
1113 4239 1257 4316 tempore
1279 4235 1410 4316 petitio·

229 4346 303 4388 nem
325 4330 524 4390 memoratae
547 4323 803 4390 confirmationis
826 4324 1008 4404 instituere,
1033 4324 1127 4388 iuxta
1143 4345 1242 4406 quam
1258 4323 1410 4388 maiestas

230 4436 358 4497 quoque
381 4436 533 4480 caesarea
557 4414 686 4494 scribet,
720 4419 753 4477 et
774 4412 817 4478 ad
842 4434 933 4479 suam
957 4414 1134 4479 sanctitate
1191 4413 1289 4478 etad
1315 4434 1409 4477 suum

228 4511 408 4587 oratorem,
432 4504 553 4588 fietque
577 4504 725 4587 provisio,
758 4509 796 4567 ut
824 4510 959 4568 curetur
987 4504 1121 4569 celerior
1145 4505 1214 4568 eius
1237 4504 1408 4586 expeditio.

229 4595 422 4679 Supplicant
446 4603 555 4660 tamen
580 4595 683 4675 electi,
699 4599 738 4658 ut
754 4594 799 4662 eis
815 4594 1041 4659 condonentur
1059 4601 1209 4675 annatae,
1233 4615 1334 4677 quum
1358 4616 1408 4658 00-
