3472 5494
471 459 490 497 s
514 458 636 498 1111111
658 458 718 498 um.
741 458 948 500 1111111101
971 447 1198 500 ubundrmdnaz.
1364 442 1429 501 aot

244 630 439 702 dinandum
455 631 598 713 primum
630 630 813 714 legitimum
836 629 1035 713 Hungariac'
1054 651 1163 714 regem
1187 631 1292 711 duxit,
1315 631 1431 712 illique

243 741 380 804 regnum
406 720 466 784 hac
481 719 609 786 ratione
632 722 731 785 armis
748 720 881 784 turcicis
905 720 1050 798 extorsit,
1074 727 1175 803 atque
1198 720 1248 784 ita
1270 719 1429 786 Solimani

243 807 399 874 beneficio
422 831 480 874 rex
503 811 667 874 salutatus
687 817 744 890 est.
762 807 849 892 Quia
864 830 939 874 vero
964 809 1196 874 Ferdinandus
1221 810 1309 874 inira
1333 810 1431 874 breve

244 907 373 982 tempus
396 899 446 963 illi
472 899 575 963 veluti
599 897 722 964 iniusto
747 900 889 965 invasori
913 920 1051 981 regnum
1074 899 1161 963 idem
1185 899 1316 982 eripuit,
1342 899 1429 982 quod

243 994 356 1072 postea
389 988 536 1054 Joannes
567 1009 628 1054 neo
661 1009 864 1072 recuperare,
890 1009 949 1052 nec
976 987 1110 1072 pacifico
1133 988 1296 1071 possidere
1320 989 1429 1071 potuit

242 1093 352 1162 pacem
379 1079 568 1161 postulavit,
592 1099 649 1142 seu
671 1079 781 1162 potius
805 1077 946 1144 Turcica
969 1079 1234 1143 confederatione
1251 1078 1431 1161 'colligatus

242 1169 350 1233 facere
384 1167 498 1251 coegit,
532 1189 615 1250 quae
639 1174 673 1232 et
695 1168 779 1236 inita
802 1174 851 1232 est
874 1189 960 1232 anno
986 1173 1081 1247 1536,
1105 1167 1162 1234 sed
1185 1168 1322 1232 nimium
1346 1167 1430 1241 eius-¹

243 1255 330 1322 modi
361 1271 434 1341 pax,
467 1279 566 1339 quam
597 1254 782 1323 Solimanus
806 1258 905 1323 armis
938 1264 971 1322 et
995 1257 1092 1322 minis
1115 1257 1319 1338 conciliavit;
1334 1257 1431 1322 ’11111

242 1347 333 1432 pacis
359 1347 560 1414 conditiones
584 1354 665 1427 erat,
691 1353 729 1411 ut
752 1346 778 1411 J
780 1361 899 1412 oannes
923 1347 991 1412 vita
1015 1347 1165 1427 durante,
1190 1347 1372 1430 Ungar'iam
1392 1353 1428 1410 ‘et

244 1436 515 1519 Transylvaniam
537 1436 725 1519 possideret.
753 1437 834 1502 Post
858 1437 985 1502 obitum
1008 1457 1084 1502 vero
1107 1437 1267 1502 recideret
1290 1437 1324 1500 11
1348 1437 1429 1501 Fer-

244 1525 424 1592 dinandum
448 1523 606 1608 Un'garia.
625 1525 863 1610 Transylvania
879 1541 954 1592 vero
978 1526 1111 1592 haeredi
1130 1527 1272 1591 masculo
1288 1526 1314 1591 J
1315 1525 1431 1591 oannis

243 1617 372 1681 cederet
395 1616 430 1680 in
451 1615 616 1680 ditionem.

353 1710 402 1770 12.
427 1705 521 1770 Haec
544 1712 616 1770 erat
638 1706 745 1787 prima
767 1707 931 1788 separatio
948 1703 1203 1788 Transylvaniae
1220 1705 1262 1770 ab
1279 1705 1428 1788 Ungaria

243 1816 282 1858 ex
314 1795 374 1864 tali
402 1800 498 1878 pacto
521 1795 683 1874 inchoata,
709 1794 795 1877 quod
819 1800 928 1858 tamen
952 1801 1094 1878 pactum¹
1109 1801 1222 1878 postea
1245 1794 1430 1858 Ferdinan-

243 1885 312 1965 dus,
337 1891 375 1949 ut
390 1886 475 1948 iuste
494 1885 603 1968 potuit
626 1899 664 1948 ac
686 1884 977 1964 debuitrescidit.
1001 1884 1100 1948 Enim
1124 1905 1199 1948 vero
1223 1905 1308 1948 anno
1334 1888 1430 1948 1540.

242 1974 267 2038 J
269 1995 373 2039 oanne
388 1973 544 2039 defuneto
559 1975 659 2038 vidua
674 1973 743 2038 eius
758 1974 970 2040 factiosorum
990 1974 1195 2056 quorundam
1219 1974 1430 2056 Ungarorum

243 2063 541 2146 Transylvanorum
566 2063 707 2143 consilio,
736 2084 773 2127 ac
797 2064 986 2146 istigatione
1009 2063 1152 2144 seducta,
1175 2068 1299 2146 puncta
1322 2071 1430 2126 trans-

242 2153 380 2218 actionis
403 2173 468 2217 101
491 2155 641 2218 servavit.
663 2154 816 2236 Regnum
834 2154 921 2218 enim
938 2150 1113 2234 Ungariae,
1138 2159 1176 2216 ut
1192 2153 1341 2232 debebat,
1363 2174 1431 2217 non

242 2243 387 2322 excessit,
419 2242 516 2306 immo
548 2243 592 2307 ad
623 2242 705 2306 illud
733 2241 1427 2326 101111110111111111111118011111111

242 2340 358 2397 contra
381 2333 465 2396 vires
489 2332 694 2398 Fordinandi
713 2331 893 2414 proditorie
909 2333 1054 2397 evocavit
1069 2352 1145 2398 cum
1163 2334 1290 2415 ingenti
1314 2331 1430 2416 Unga-

242 2424 310 2488 1111
327 2423 424 2486 11111
440 2427 473 2485 11
489 2422 747 2487 christianitatis
767 2421 972 2502 detrimento,
997 2443 1056 2486 nec
1074 2423 1143 2487 sine
1168 2443 1285 2505 magno
1310 2422 1428 2486 damno

242 2531 362 2588 eorum,
387 2511 443 2594 qui
466 2511 564 2576 huius
590 2511 805 2594 expeditionis
828 2510 986 2577 Solimani
1000 2512 1164 2576 'authores
1188 2513 1336 2576 extitere.
1361 2511 1430 2576 Bu-

242 2602 317 2666 dam
350 2602 437 2665 enim
470 2599 654 2666 Solimanus
686 2602 866 2683 occupavit,
899 2602 1034 2684 sibique
1059 2603 1206 2681 retinuit,
1246 2602 1430 2684 proditores

241 2691 427 2774 captivavit,
451 2691 583 2755 viduam
607 2711 682 2756 vero
701 2697 734 2755 11
751 2691 819 2760 eius
837 2691 980 2756 'filiolum
995 2691 1030 2754 in
1047 2691 1318 2774 Transylvaniam
1334 2712 1430 2773 expe-

242 2781 332 2860 divit,
357 2787 396 2844 ut
420 2780 475 2859 ibi',
499 2781 646 2845 velutin
670 2781 950 2864 propria'ditione
974 2781 1179 2846 educaretur.
1256 2797 1259 2806 ¹

352 2875 401 2934 13.
436 2869 668 2934 Ferdinandus
706 2871 833 2939 interea
872 2869 1037 2936 Solimano
1075 2870 1172 2935 Buda
1211 2870 1430 2935 abscondente

242 2961 421 3024 exercitum
445 2961 480 3024 in
505 2959 687 3042 Ungariam
711 2959 809 3038 misit,
833 2966 867 3024 et
890 2960 1001 3024 videns
1025 2959 1121 3024 fidem
1146 2959 1209 3024 sibi
1225 2981 1289 3024 non
1306 2960 1429 3024 servari

240 3049 466 3132 aZapolianis‚
484 3051 704 3132 sciensque...
716 3099 722 3113 .
734 3047 1238 3114 illudBonifaciiVHI.frustra
1252 3049 1315 3114 sibi
1331 3047 1430 3112 fidem

243 3138 316 3220 quis
348 3140 494 3221 postulat
527 3139 569 3204 ab
593 3161 630 3203 eo
652 3138 784 3218 servari,
807 3139 861 3202 oui
883 3138 982 3204 fidem
1005 3159 1024 3202 1
1048 3160 1081 3203 11
1104 3140 1277 3222 prestitam
1300 3159 1429 3203 servare

242 3235 381 3308 recusat,
404 3230 487 3311 juris
511 3229 658 3293 canonici
677 3248 743 3311 reg.
770 3232 819 3292 75.
843 3229 878 3294 in
904 3234 933 3294 6.
957 3234 1091 3312 pactum
1114 3251 1189 3294 cum
1212 3228 1343 3294 Joanne
1367 3229 1428 3291 ini-

244 3323 314 3382 tum
337 3319 478 3398 rescidit,
504 3319 668 3402 armisque
685 3318 956 3401 Transylvaniam
979 3318 1106 3383 invadit
1129 3325 1162 3383 et
1187 3317 1354 3401 Ungariae
1379 3339 1430 3380 re·

242 3408 362 3487 stituit,
386 3430 423 3472 ac
439 3430 516 3473 suae
540 3407 712 3492 potestatis
736 3407 851 3474 effecit.
876 3408 949 3474 Hoc
973 3409 1021 3472 ita
1045 3429 1112 3474 csse
1136 3415 1263 3490 gestum
1286 3408 1428 3490 probant

242 3503 317 3560 acta
341 3498 547 3584 comitiorum
570 3498 663 3579 regni
687 3516 772 3562 anno
798 3502 893 3562 1552.
918 3505 980 3562 art.
1007 3503 1034 3562 1.
1059 3498 1115 3562 ubi
1135 3504 1241 3562 status
1259 3497 1430 3580 Ungariae

242 3586 435 3651 beneficium
459 3587 664 3654 Fordinandi
683 3595 948 3669 recognoscentes
967 3588 996 3651 ei
1013 3588 1136 3670 gratias
1159 3588 1316 3666 referunt,
1342 3586 1428 3670 quod

243 3675 375 3742 tandem
400 3677 669 3759 Transylvaniam
702 3677 813 3741 divina
846 3677 1050 3760 benignitate
1081 3699 1154 3742 cum
1178 3677 1313 3759 reliquis
1336 3677 1430 3757 regni

242 3765 392 3847 partibus
415 3766 626 3831 inferioribus
649 3766 683 3829 in
708 3787 781 3830 suas
807 3788 921 3832 manus
945 3768 1112 3849 receperit,
1146 3767 1194 3830 ita
1218 3766 1265 3832 ibi
1289 3766 1430 3830 totidem

243 3855 358 3920 verbis.
383 3853 591 3940 Quapropter
608 3855 878 3938 Transylvaniam
895 3879 914 3921 a
929 3856 1141 3922 Ferdinando
1165 3856 1270 3939 primo
1286 3857 1429 3920 rescisso.

243 3950 276 4007 et
299 3945 428 4010 imitato
451 3953 548 4028 pacta
573 3945 740 4027 Ungariae
768 3947 941 4026 reunitum,
967 3946 1008 4011 ab
1026 3967 1127 4028 eoque
1143 3953 1217 4028 post
1234 3947 1429 4010 transactio-

243 4055 316 4098 nem
340 4033 541 4101 destructam
563 4035 676 4100 multis
700 4035 794 4100 annis
818 4057 1003 4120 possessam,
1024 4036 1096 4100 luce
1112 4035 1293 4100 meridiana
1309 4035 1431 4099 clarius

244 4129 301 4203 est,
335 4130 372 4188 ut
405 4125 542 4208 proinde
574 4125 659 4189 ratio
691 4124 948 4190 fundamentalis
981 4125 1165 4190 contrariae
1190 4126 1370 4190 1111111111
1394 4124 1429 4187 11

245 4213 413 4295 questione
436 4215 602 4297 proposita
626 4236 666 4278 ex
688 4214 748 4277 hoc
772 4216 878 4296 capite
902 4222 987 4294 ruat,
1011 4235 1137 4279 necesse
1162 4223 1219 4280 111.

354 4307 403 4368 14.
436 4303 587 4372 Secunda
621 4303 774 4368 abscissio
806 4304 1062 4387 Transylvaniae
1095 4326 1152 4388 per
1184 4303 1428 4370 Ottomanicam

245 4393 433 4458 violentiam
466 4399 577 4458 secuta
609 4399 667 4472 est,
701 4414 765 4456 non
797 4394 863 4457 iam
896 4415 935 4458 ex
967 4400 1072 4476 pacto,
1105 4395 1161 4458 sed
1193 4415 1251 4478 per
1280 4399 1429 4476 apertam

245 4482 542 4568 Transylvanorum
575 4483 617 4547 ad
651 4482 793 4546 Turcam
830 4483 1053 4563 defectionem,
1086 4491 1119 4548 ct
1153 4490 1275 4548 motam
1314 4489 1428 4548 001111

244 4594 338 4637 suum
362 4595 470 4656 regem
494 4573 712 4638 rebellionem.
741 4570 848 4636 Filius
874 4595 1014 4656 namque
1037 4573 1178 4638 Joannis
1201 4573 1331 4657 Zapolii
1354 4593 1428 4636 cum
