3454 5492
322 447 384 506 102
572 485 575 492 -
817 448 1004 503 onnnvrnrls

320 637 458 701 attentis
492 635 645 718 gravibus
679 635 832 718 impensis
864 635 898 698 in
933 633 1145 698 defendendis
1178 634 1256 717 ipsis
1282 633 1422 698 ecclesiis
1445 653 1504 716 per

320 726 483 810 episcopos
516 725 756 809 supportandis
789 731 826 789 ut
857 726 969 788 littere
990 747 1052 808 pro
1085 725 1150 789 ista
1181 725 1249 788 vice
1281 724 1384 807 gratis
1410 743 1504 805 expe·

320 817 463 896 dicutur,
496 822 529 879 et
552 816 595 880 ad
619 836 742 879 meram
771 814 1014 898 dispositionem
1049 815 1236 880 sanctitatis
1270 835 1336 894 sue,
1367 835 1441 878 cum
1465 812 1505 876 de

320 907 540 971 nominatione
565 912 598 970 et
620 907 862 989 presentatione
885 906 971 989 regis
994 904 1143 988 Ungarie
1167 905 1249 969 nihil
1279 911 1416 968 constat.

426 996 473 1060 Et
506 995 640 1078 insuper
672 995 902 1060 admoneretur
934 1017 991 1060 rex
1023 1002 1056 1060 et
1088 1001 1194 1060 status
1227 994 1321 1078 regni
1349 993 1504 1076 Ungarie‚

320 1108 360 1150 ne
394 1085 433 1150 de
467 1091 573 1150 cetero
606 1087 762 1168 possessio
796 1085 935 1150 alicuius
968 1085 1099 1150 ecclesie
1132 1083 1330 1151 cathedralis
1359 1105 1415 1148 seu
1440 1104 1505 1146 me-

321 1176 518 1259 tropolitane
551 1176 591 1240 de
624 1195 724 1258 regno
756 1175 854 1240 alteri
888 1176 1033 1258 daretur,
1066 1175 1130 1240 nisi
1161 1195 1181 1240 a
1221 1175 1295 1239 sede
1328 1173 1505 1258 apostolica

320 1267 468 1349 provisus
485 1265 578 1331 foret.

379 1427 463 1548 ἰ](Δ
481 1423 569 1558 reprai
588 1423 953 1494 Barbarini-ktnyvtarban.
983 1427 1102 1479 Decreta
1130 1423 1345 1478 Oonsistorialia.
1375 1426 1504 1476 XXXVI.

326 1505 359 1562 6.,
392 1514 427 1549 0.
450 1504 507 1550 107.

836 1731 988 1796 LXXX.

756 1899 849 1958 1564.
874 1897 1032 1960 marczius
1056 1900 1084 1961 4.

322 2054 408 2120 Arce
426 2054 569 2136 Prosper
583 2053 664 2138 prof
676 2055 760 2120 acala·
770 2057 799 2122 I.
810 2057 1011 2124 Ferdt'adad
1028 2058 1216 2143 kirdlplyat
1229 2060 1312 2143 ltopp
1328 2080 1349 2124 o
1364 2057 1505 2142 euprobi,

320 2143 410 2226 pc'cst
433 2146 465 2209 e's
488 2145 629 2210 csaaddt'
657 2147 828 2228 pitspdlco'lc
861 2151 1078 2233 maperdsitc'sc
1110 2149 1339 2234 ractc'asc'pelrbc
1363 2147 1507 2230 astruat,

521 2234 653 2300 cataleta
677 2256 698 2300 u
720 2239 901 2303 saecat-saed
925 2239 964 2322 rtj
983 2240 1303 2322 processurarum.

430 2396 656 2463 Sacratissime
692 2405 725 2464 et
758 2401 968 2466 invictissime
997 2422 1087 2466 cesar
1121 2401 1258 2484 domine,
1291 2403 1421 2467 domine
1444 2402 1506 2466 cle-

323 2489 529 2555 meritissime.

431 2577 657 2644 Sacratissime
680 2579 861 2644 maiestatis
885 2588 991 2646 vestre
1010 2583 1138 2647 litteras
1155 2603 1218 2666 que
1234 2584 1353 2666 scripte
1373 2583 1506 2647 fuerunt

322 2691 381 2754 pro
415 2669 571 2752 episcopis
609 2669 834 2750 Zagrabiensi,
873 2668 1212 2755 Quinqueecclesiensi
1245 2680 1278 2738 et
1302 2671 1506 2752 Oenediemi,

323 2758 589 2824 reverendissimo
614 2758 743 2824 dominc
771 2760 930 2826 cardinali
955 2761 1095 2828 Moronc
1126 2763 1264 2845 reddidi,
1297 2769 1335 2827 ut
1358 2785 1377 2827 a
1400 2764 1507 2846 ponti-

323 2849 382 2914 fice
405 2849 546 2932 episcopi
568 2849 631 2931 ipsi
655 2847 935 2915 confirmarentur.
969 2850 1034 2916 Sed
1057 2853 1113 2916 isti
1136 2875 1200 2918 non
1223 2875 1341 2937 parum
1365 2852 1507 2917 afferunt

324 2939 540 3020 difficultatis,
573 2937 776 3005 affirmantes
800 2961 840 3004 ex
863 2941 1002 3006 decretis
1026 2943 1214 3008 Tridentini
1238 2944 1375 3023 concilii,
1408 2944 1507 3008 etiam

323 3031 358 3093 in
382 3027 653 3094 translationibus
686 3030 902 3094 necessarium
930 3033 998 3097 fore
1023 3034 1205 3098 utiterum
1229 3034 1411 3098 formentur
1434 3055 1507 3116 pro-

324 3140 439 3200 cessus,
463 3125 497 3183 et
513 3141 551 3182 ex
567 3120 640 3183 istis
655 3120 733 3184 locis
752 3120 816 3184 huc
832 3122 1020 3186 mittantur.
1045 3120 1131 3206 Quia
1149 3131 1259 3189 tamen
1276 3123 1507 3206 Zagrabiensis

324 3210 490 3292 episcopus
514 3209 664 3292 pluribus
689 3215 738 3275 est
762 3216 867 3291 notus,
901 3211 1038 3277 fortasse
1070 3215 1237 3297 negotium
1268 3236 1362 3278 suum
1386 3215 1507 3296 poterit

324 3299 447 3364 absolvi
479 3299 604 3382 absque
635 3320 785 3382 processu
819 3302 894 3366 istic
926 3303 1088 3383 confect03
1122 3305 1208 3368 idem
1240 3305 1351 3368 iorsan
1380 3305 1507 3368 evenire

323 3397 431 3473 posset
456 3385 811 3472 Quinqueecclesiensi3
843 3391 900 3456 sed
933 3393 972 3456 de
997 3391 1191 3458 Oenadiensi
1215 3414 1280 3458 non
1304 3400 1353 3458 est
1376 3413 1508 3476 speran-

324 3480 411 3544 dum.
445 3477 630 3544 Oardinalis
663 3480 821 3544 Morcnus
854 3480 999 3548 affirmat
1032 3504 1065 3547 se
1098 3484 1140 3548 ad
1173 3485 1336 3568 episcopos
1360 3485 1445 3566 ipsos
1467 3484 1507 3548 de

323 3570 385 3634 hac
408 3592 444 3633 re
466 3569 595 3634 litteras
619 3569 753 3650 dedisse,
778 3570 820 3634 ad
845 3592 926 3654 quas
950 3594 1000 3636 me
1023 3573 1198 3639 refero...

431 3659 556 3724 Romae
580 3659 632 3723 die
655 3663 677 3723 4
700 3659 818 3725 Martii
845 3665 939 3725 1564.

433 3776 589 3840 Eiusdem
612 3775 822 3840 invictissime
845 3778 1025 3842 maiestatis
1048 3786 1153 3843 vestre

809 3894 1011 3959 humillimus
1034 3902 1068 3959 et
1090 3893 1295 3961 fidelissimus
1319 3900 1455 3963 servitor

931 3985 1072 4068 Prosper
1095 4008 1199 4050 comes
1223 3986 1337 4052 Archi.

432 4139 584 4204 (medeuje
602 4157 619 4193 a
638 4139 712 4193 be'csi
732 4139 828 4194 allami
847 4141 1030 4210 leveltdrban²
1049 4147 1176 4196 Romana
1194 4143 1373 4212 osztalyban.)
