3454 5492
451 482 467 519 a
493 480 613 520 neoris
637 480 695 520 nm.
719 479 848 521 noenum
871 481 923 522 soe
947 468 1174 522 roartnnrtnsz.
1344 464 1404 534 Ι99

729 799 917 868 LXXVII.

667 967 760 1026 1550.
785 964 895 1046 junius
920 969 970 1027 21.

226 1125 296 1190 III.
330 1125 441 1208 Gyalo
469 1128 563 1206 popa
594 1125 797 1190 Fordiactad
830 1124 941 1209 lab-alp
975 1126 1118 1190 colerae
1151 1146 1192 1190 aa
1223 1125 1409 1210 csetcrponri

225 1215 368 1298 arcessor
392 1214 690 1298 administratiojrit
712 1214 1080 1371 lre'tbgpgaidbtartamra
1096 1235 1117 1280 a
1133 1215 1226 1280 vacat
1241 1217 1408 1297 prtspo'lrrc

333 1465 525 1532 Venerabili
548 1466 646 1532 tratri
672 1467 826 1532 moderno
851 1468 998 1550 episcopo
1023 1465 1184 1534 Vacicnsi.

331 1555 444 1620 Julius
469 1563 528 1621 eto.

331 1644 538 1712 Venerabilis
555 1646 658 1710 frater
675 1647 822 1712 salutem.
847 1644 939 1727 (ium,
963 1647 1049 1712 sicut
1065 1647 1255 1729 accepimus,
1272 1647 1408 1712 ecclesia

224 1734 465 1818 Strigoniensis,
488 1758 551 1818 que
575 1736 615 1800 de
637 1737 905 1820 jurepatronatus
928 1737 1111 1818 charissimi
1134 1737 1168 1800 in
1192 1734 1324 1802 Christo
1347 1737 1408 1802 filii

224 1827 327 1890 nostri
359 1826 565 1891 Ferdinandi
596 1826 819 1892 Romanorum
847 1833 881 1890 et
904 1827 1051 1910 Ungarie
1082 1826 1168 1908 regis
1201 1826 1332 1908 illustri,
1368 1847 1408 1892 ex

224 1917 392 1998 privilegio
417 1917 601 1999 apostolico,
618 1918 671 1980 cui
694 1939 759 1982 non
782 1923 831 1981 est
855 1917 1012 1982 hactenus
1027 1917 1062 1980 in
1078 1916 1188 1999 aliquo
1205 1917 1407 2000 derogatum,

224 2027 291 2070 esse
314 2006 524 2088 dignoscitur,
549 2012 638 2072 certo
661 2008 755 2072 modo
783 2007 922 2088 pastoris
947 2007 1062 2071 solatio
1087 2006 1130 2070 ad
1155 2027 1287 2088 presens
1308 2007 1406 2072 desti-

224 2101 299 2160 tuta
323 2097 451 2178 existat,
470 2103 504 2160 et
527 2097 629 2181 ipsius
652 2097 857 2162 Ferdinandi
880 2097 966 2178 regis
989 2117 1027 2162 ac
1051 2097 1153 2160 totius
1178 2098 1270 2179 regni
1295 2095 1409 2179 Unge-⁴

223 2186 279 2266 rie,
302 2193 435 2269 propter
458 2187 632 2251 maximam
655 2209 714 2270 pro
739 2192 883 2268 tempore
906 2186 1141 2270 archiepiscopi
1172 2183 1406 2269 strigoniensis

223 2277 455 2340 auctoritatem
478 2282 511 2340 et
533 2278 722 2360 potentiam,
746 2277 925 2360 plurimum
947 2275 1087 2356 intersit,
1104 2281 1142 2339 ut
1166 2275 1229 2339 hiis
1253 2277 1406 2360 tempori-

222 2365 292 2445 bus,
310 2365 429 2448 quibus
446 2367 485 2430 dc
502 2367 711 2449 impressione
727 2388 765 2431 ac
781 2367 936 2430 violentia
952 2366 1159 2430 Turcharum
1183 2366 1287 2430 eidem
1306 2387 1406 2449 regno

222 2453 438 2520 finitimorum
462 2463 494 2520 et
519 2457 574 2539 qui
597 2458 664 2540 jam
688 2457 863 2520 maximam
891 2456 993 2539 ipsius
1026 2457 1119 2538 regni
1151 2463 1280 2538 partem
1313 2477 1406 2520 occu-

222 2552 353 2626 parunt,
386 2546 601 2628 probabiliter
624 2547 806 2610 timendum
830 2553 888 2626 est,
912 2547 1016 2612 eidem
1050 2545 1181 2612 ecclesie
1205 2545 1244 2610 de
1268 2567 1406 2630 persona

222 2655 286 2698 non
319 2637 422 2700 solum
454 2636 571 2700 idonea
594 2642 627 2700 et
651 2637 714 2701 sibi
737 2657 775 2700 ac
799 2636 886 2702 dicto
920 2657 1019 2719 regno
1047 2635 1122 2716 fida,
1148 2657 1260 2700 verum
1284 2641 1317 2700 et
1340 2657 1405 2701 ser·

222 2746 315 2788 mone
339 2732 372 2790 et
394 2747 490 2809 opere
515 2727 651 2808 potenti,
676 2733 709 2790 et
734 2747 796 2809 que
821 2727 956 2810 populos
980 2727 1059 2791 dicti
1088 2726 1180 2808 regni
1204 2747 1269 2790 non
1302 2727 1405 2790 solum

222 2815 256 2878 iu
279 2815 343 2880 fide
366 2818 542 2896 continere,
575 2816 637 2880 sed.
655 2817 755 2880 etiam
777 2816 933 2882 adversus
957 2817 1085 2880 eosdem
1111 2815 1235 2880 'Furcas
1261 2817 1406 2882 animare

222 2905 313 2985 sciat,
345 2906 480 2970 vetitet
509 2906 620 2989 possit,
653 2905 830 2988 apostolica
862 2907 1062 2991 auctoritate
1094 2905 1313 2987 provideatur,
1347 2927 1405 2974 nec

222 2993 330 3058 dictus
362 2996 594 3060 Ferdinandus
626 3017 683 3060 rex
716 3017 813 3078 super
839 3018 978 3078 persona
1002 2995 1198 3076 huiusmodi,
1223 3001 1288 3059 tam
1315 2995 1406 3060 brevi

223 3091 374 3167 tempore,
407 3086 448 3150 ob
472 3086 627 3149 similium
660 3106 871 3168 personarum
896 3086 1104 3168 inpartibus
1130 3086 1301 3167 penuriam
1325 3085 1404 3148 deli-

221 3174 336 3238 berare
360 3175 476 3256 valeat,
504 3181 536 3240 et
568 3180 749 3258 propterea,
773 3175 851 3239 dum
875 3197 971 3258 super
994 3175 1054 3238 hoc
1079 3175 1203 3256 cogitat
1227 3181 1260 3238 et
1284 3175 1404 3241 delibe-

222 3270 283 3344 rat,
316 3266 437 3349 cupiat,
461 3271 499 3329 ut
522 3265 654 3330 interim
682 3288 769 3346 cura,
798 3265 941 3348 regimen
974 3270 1008 3329 et
1039 3265 1283 3330 administratio
1318 3265 1405 3329 dicte

221 3355 352 3420 ecclesie
384 3356 482 3421 alicui
516 3356 673 3420 catholico
706 3357 850 3421 antistiti
883 3355 1082 3420 auctoritate
1113 3360 1225 3420 nostra
1257 3357 1404 3418 commit-

222 3449 331 3524 tatur,
356 3467 412 3510 nos
436 3445 524 3528 piam
547 3451 580 3510 et
603 3445 802 3511 laudabilem
826 3446 927 3528 ipsius
946 3444 1150 3509 Ferdinandi
1174 3445 1260 3527 regis
1284 3445 1317 3507 in
1342 3444 1404 3508 hiis

222 3534 435 3600 intentionem
459 3535 636 3618 plurimum
659 3536 693 3599 in
718 3535 848 3600 domino
871 3535 1142 3614 commendantes,
1179 3555 1218 3598 ne
1241 3534 1404 3616 pendente

221 3624 455 3690 deliberatione
493 3625 689 3706 huiusmodi,
731 3625 821 3689 dicta
861 3625 994 3690 ecclesia
1032 3625 1066 3688 in
1105 3624 1332 3707 spiritualibus
1371 3630 1405 3688 et

220 3715 454 3798 temporalibus
487 3715 686 3780 detrimenta
717 3715 886 3795 sustineat,
920 3716 1000 3780 dicti
1029 3713 1234 3780 Ferdinandi
1258 3714 1344 3796 regis
1369 3715 1403 3778 in

220 3803 280 3869 hac
303 3812 397 3889 parte
420 3806 714 3889 supplicationibus
738 3805 896 3884 inclinati,
927 3810 970 3886 te,
999 3804 1056 3887 qui
1088 3804 1187 3867 etiam
1220 3804 1403 3887 prepositu-

220 3915 290 3959 ram
323 3895 467 3960 eiusdem
499 3896 639 3975 ecclesie,
671 3917 711 3959 ex
740 3895 978 3978 dispensatione
1002 3895 1179 3978 apostolica
1202 3893 1337 3976 obtineS,
1370 3901 1404 3958 et

219 3983 253 4048 in
277 3985 341 4049 illis
374 3986 525 4068 partibus
558 3985 690 4066 resides,
722 3991 760 4049 ut
783 4008 841 4068 pro
865 3985 927 4049 hiis
952 3986 1072 4068 quibus
1094 3983 1195 4068 polles
1218 3984 1403 4067 prudentia,

219 4075 383 4156 probitate
407 4081 441 4140 et
463 4097 574 4140 rerum
598 4075 816 4159 gerendarum
847 4097 909 4140 usu
941 4074 1069 4158 prefato
1097 4074 1309 4140 Ferdinando
1333 4075 1404 4156 regi

220 4170 333 4244 gratus
357 4171 390 4229 et
413 4170 566 4250 acceptus
595 4166 716 4246 existis,
747 4186 785 4229 ac
818 4165 857 4228 de
891 4187 954 4248 quc
978 4187 1035 4229 nos
1058 4165 1099 4230 cb
1123 4165 1280 4247 premissa
1303 4166 1402 4231 etiam

219 4253 252 4316 in
286 4255 415 4319 domino
454 4255 655 4334 confidimus,
695 4255 839 4320 eiusdem
878 4255 1009 4319 ecclesie
1040 4255 1075 4318 in
1108 4254 1334 4336 spiritualibus
1367 4260 1401 4318 et

219 4345 453 4428 temporalibus
477 4345 663 4410 huiusmodi
688 4345 991 4410 administratorem
1014 4344 1056 4408 ad
1081 4344 1258 4425 biennium,
1279 4366 1299 4407 a
1323 4343 1402 4407 data

219 4436 418 4514 presentium
457 4436 712 4519 computandum
751 4435 923 4516 duntaxat,
963 4442 996 4499 et
1034 4434 1167 4498 interim
1205 4433 1306 4499 donec
1345 4455 1403 4515 per

220 4522 345 4588 dictum
368 4525 617 4592 Ferdinandum
641 4547 749 4608 regem
773 4547 910 4610 persona
933 4525 1049 4590 idonea
1068 4524 1161 4589 nobis
1178 4530 1210 4588 et
1226 4523 1400 4607 apostolice

220 4614 288 4696 sedi
312 4615 353 4680 ad
387 4616 523 4681 eandem
555 4615 722 4681 ecclesiam
754 4622 942 4700 presentata
975 4614 1085 4696 fuerit,
1118 4614 1315 4678 alienatione
1346 4614 1400 4678 bo·

1265 4738 1295 4790 7*
