3454 5492
304 407 365 467 120
796 416 983 468 osnnvmmn

300 602 431 676 tionem,
454 601 497 664 ad
521 601 688 664 ecclesiam
703 599 948 680 Varadiensem,
972 601 1142 684 ipsumque
1167 603 1214 666 illi
1239 604 1272 666 in
1297 605 1482 688 episcopum

300 690 458 774 praefecit
482 696 516 753 et
538 697 709 773 pastorem,
743 711 855 754 euram
888 693 1119 756 committendo
1152 699 1211 756 etc.
1236 714 1308 758 oum
1339 716 1482 760 reserva-

301 781 389 845 tione
422 780 562 844 duarum
585 781 886 863 praepositurarum
909 781 1060 846 videlicet
1084 781 1304 865 Scepusiensis
1328 791 1361 848 et
1383 785 1481 851 Jazo·

299 871 425 952 niensis,
458 877 491 934 et
524 892 598 934 cum
631 871 760 935 decreto
789 871 876 953 quod
900 877 1076 954 antequam
1100 872 1336 956 adipisceretur
1358 897 1482 958 posses-

300 962 430 1041 sionem,
454 959 530 1024 fidei
553 961 785 1044 professionem
809 961 915 1025 denuo
940 963 1112 1043 emitteret,
1133 969 1166 1026 et
1182 964 1272 1027 illam
1295 965 1338 1029 ad
1362 967 1481 1030 sancti-

302 1051 381 1114 tatis
405 1071 483 1114 suae
506 1051 541 1114 in
565 1050 629 1114 illis
653 1051 803 1134 partibus
827 1051 980 1114 nuntium
1006 1054 1254 1134 transmitteret,
1274 1075 1372 1138 quam
1395 1056 1481 1120 idem

300 1140 436 1205 nuntius
460 1140 502 1204 ad
527 1162 695 1205 romanam
729 1142 854 1206 curiam
886 1142 1036 1206 similiter
1068 1145 1318 1224 transmitteret,
1351 1151 1480 1210 etcum

299 1231 454 1296 clausulis
487 1233 679 1313 opportunis
712 1233 878 1312 consuetis,
912 1231 1105 1296 absolvendo
1138 1239 1197 1298 etc.
1232 1235 1278 1298 Et
1304 1234 1367 1300 fuit
1393 1235 1481 1302 facta

300 1323 416 1405 gratia,
441 1321 585 1386 remissio
609 1327 642 1385 et
666 1321 860 1387 condonatio
884 1327 1081 1388 annatarum
1104 1328 1137 1388 et
1160 1325 1290 1408 jurium.

705 1643 801 1703 1589.
828 1644 878 1704 23.
902 1640 1067 1704 Januarii.

661 1801 837 1866 Referente
861 1815 924 1865 r1110
948 1800 1120 1867 Gesualdo.

351 1991 353 1997 ·
405 1962 558 2029 Absolvit
590 1987 615 2027 r.
648 1985 677 2045 p:
709 1963 738 2028 d.
773 1961 944 2028 Stefannm
981 1986 1001 2028 a
1034 1965 1162 2030 vinculo
1200 1988 1266 2050 quo
1305 1969 1479 2034 tenebatur

299 2054 452 2118 ecclesiae
466 2051 670 2134 Oenadiensi,
687 2059 720 2118 et
744 2075 817 2118 eum
837 2055 1017 2136 transtulit,
1042 2056 1083 2119 ad
1108 2077 1276 2122 caesareae
1299 2059 1479 2124 maiestatis

298 2144 561 2224 nominationem,
595 2145 638 2209 ad
662 2144 829 2209 ecclesiam
853 2144 1046 2211 Vaciensem
1069 2147 1104 2209 in
1127 2145 1285 2230 Ungaria,
1309 2156 1479 2214 vacantem

296 2257 354 2318 per
386 2235 634 2299 translationem
667 2257 692 2298 r.
726 2234 756 2298 d.
789 2234 931 2299 Martini
964 2236 1006 2300 ad
1038 2237 1204 2300 ecclesiam
1234 2237 1478 2320 Varadiensem,

296 2327 468 2407 ipsumque
491 2324 539 2388 illi
563 2327 598 2388 in
621 2326 806 2408 episcopum
828 2325 987 2408 praefecit
1010 2332 1043 2389 et
1066 2333 1238 2409 pastorem,
1258 2351 1370 2393 curam
1394 2352 1478 2394 com-

297 2414 441 2479 mitendo
465 2421 524 2479 etc.
549 2437 622 2479 cum
646 2416 830 2479 retentione
852 2417 1096 2498 praepositurae
1109 2417 1295 2483 Jauriensis
1318 2425 1352 2483 et
1375 2427 1478 2486 recto-

295 2511 387 2569 ratus
419 2505 532 2569 altaris
565 2507 669 2570 sancti
693 2502 848 2569 Andreae
871 2505 906 2568 in
929 2505 1062 2570 ecclesia
1095 2506 1314 2590 Posnaviensi,
1348 2516 1477 2576 etcum

296 2596 536 2678 dispensatione
560 2597 646 2677 quod
670 2616 734 2659 non
759 2599 807 2658 est
831 2595 1021 2678 graduatus,
1054 2602 1185 2662 etcum
1218 2599 1357 2682 densete,
1390 2602 1477 2684 quod

267 2680 473 2768 'antequam
497 2685 701 2768 adipiscatur
728 2687 968 2768 possessionem,
1001 2685 1077 2750 fidei
1110 2688 1341 2771 professionem
1372 2692 1477 2756 denuo

296 2776 445 2840 emittere
478 2781 639 2856 teneatur,
672 2781 705 2840 et
728 2775 816 2839 illius
848 2777 1103 2840 instrumentum
1137 2779 1178 2842 ad
1212 2782 1366 2844 nuntium
1389 2783 1476 2864 apud

295 2887 458 2930 caesarem
490 2872 743 2930 commorantem
776 2867 1009 2948 transmittere,
1041 2869 1098 2949 qui
1130 2868 1214 2932 illud
1237 2871 1279 2934 ad
1309 2893 1476 2936 romanam

295 2957 420 3021 curiam
443 2957 686 3040 quamprimum
709 2957 841 3020 mittere
865 2962 1026 3036 teneatur,
1051 2964 1083 3021 et
1102 2979 1176 3022 cum
1192 2960 1345 3026 clausulis
1361 2983 1477 3045 oppor-

295 3047 384 3110 tunis
410 3052 443 3110 et
466 3047 632 3126 consvetis,
666 3047 860 3112 absolvendo
893 3054 952 3112 etc.
986 3048 1033 3110 Et
1064 3047 1129 3111 fuit
1159 3049 1250 3120 ¹facta
1282 3051 1475 3116 condonatio

295 3158 351 3200 seu
375 3137 519 3201 remissio
543 3143 685 3201 armatae
709 3142 742 3200 et
766 3143 968 3202 caeterorum
992 3138 1122 3220 jurium.

694 3461 788 3519 1589.
814 3461 864 3520 27.
891 3457 1074 3523 Februarii.

652 3615 829 3680 Referente
853 3632 915 3681 rm0
941 3618 1113 3686 Gesualdo.

400 3773 550 3838 Providit
572 3776 615 3839 ad
640 3797 807 3840 caesareae
831 3781 1012 3843 maiestatis
1036 3781 1289 3847 nominationem
1323 3785 1474 3850 ecclesiae

293 3861 486 3928 Cenadiensi
510 3866 544 3927 in
569 3865 726 3948 Ungaria,
750 3870 878 3932 vacanti
903 3892 961 3952 per
983 3871 1231 3937 translationem
1254 3897 1279 3937 r.
1296 3875 1325 3938 d.
1346 3873 1473 3940 Stel'ani

292 3952 333 4015 ad
358 3953 524 4019 ecelesiam
545 3954 745 4037 Vaciensem,
770 3957 810 4021 de
833 3980 969 4040 persona
992 3960 1090 4024 Pauli
1115 3963 1273 4046 Zeghedii
1297 4013 1304 4027 .
1327 4014 1333 4028 .
1359 4014 1365 4028 .
1400 3987 1473 4029 cuni

292 4045 474 4108 retentione
498 4044 639 4109 duarum
663 4047 943 4129 prepositurarum
967 4056 1000 4113 et
1023 4051 1201 4118 lectoratus
1224 4102 1230 4116 .
1255 4103 1262 4117 .
1287 4103 1293 4118 .

399 4134 428 4196 Ε
453 4134 517 4198 fuit
540 4135 629 4199 facta
652 4137 845 4202 condonatio
870 4188 876 4202 .
901 4189 908 4202 .
933 4189 939 4202 .
