3454 5492
482 453 501 490 a
524 451 646 490 nacula
670 451 730 490 um.
754 449 884 489 unarum
907 449 960 488 roe
984 436 1212 488 ronrfiuarfiunz.
1399 427 1443 484 59

258 623 451 690 beneficium
484 622 747 701 ecclesiasticum,
780 621 885 687 causis
918 628 950 684 et
983 621 1169 684 racionibus
1202 642 1241 684 ex
1269 623 1442 703 premissis,

259 723 378 790 tenere,
411 713 573 795 possidere
597 720 630 776 et
654 733 845 776 conservare
867 732 932 775 non
955 710 1041 790 licet,
1073 711 1188 774 iisdem
1211 709 1362 775 fidelibus
1385 733 1442 775 no-

259 803 336 867 stris
361 803 501 866 dominis
524 802 660 885 prelatis
676 808 709 866 et
725 802 903 866 baronibus
923 821 960 864 ac
980 800 1138 866 universis
1162 801 1333 882 regnicolis
1357 822 1442 865 asse-

259 890 416 972 rentibus,
449 899 482 956 et
515 898 553 956 ut
584 891 825 974 quamprimum
858 912 993 974 persone
1027 889 1224 955 benemerito
1257 897 1289 954 et
1313 891 1353 954 dc
1376 913 1442 972 qua

259 983 321 1064 ipsi
346 981 506 1046 confidere
529 989 659 1064 possent
692 981 919 1060 conferremus,
951 979 1211 1063 requirentibus:
1244 979 1442 1045 auctoritate
1538 983 1540 988 ’

259 1072 340 1155 juris
372 1077 566 1153 patronatus
599 1071 703 1135 nostri
735 1071 863 1153 regalis,
896 1071 982 1152 quod
1015 1070 1212 1152 generaliter
1235 1071 1269 1132 in
1292 1071 1444 1136 omnibus

260 1161 401 1225 ecclesiis
433 1161 526 1242 regni
559 1161 671 1240 nostri,
704 1181 792 1224 more
824 1159 1085 1242 predecessorum
1121 1166 1306 1224 nostrorum
1329 1181 1443 1242 regum

260 1251 442 1333 Huugarie,
465 1249 587 1314 habere
611 1249 818 1328 dinoscimur,
842 1249 882 1314 ab
908 1250 1020 1314 eodem
1044 1249 1173 1314 domino
1188 1249 1267 1315 Vito
1292 1250 1442 1314 auferen-

260 1348 316 1420 teS,
341 1347 621 1422 memoratumque
645 1346 677 1419 t,
710 1346 879 1422 tamquam
910 1359 1082 1422 personam
1114 1339 1263 1403 idoneam
1287 1346 1320 1402 et
1345 1339 1443 1403 bene-

261 1431 411 1496 meritam
443 1449 480 1492 ac
505 1429 665 1512 ‘precipue
703 1427 886 1494 nobilitatis
924 1429 1096 1508 hominem,
1135 1429 1193 1511 qui
1224 1451 1282 1510 per
1315 1429 1441 1492 eosdem

260 1519 407 1584 dominos
430 1520 572 1600 prelatos
596 1526 629 1583 et
653 1520 790 1583 barones
815 1519 985 1602 tociusque
1008 1519 1100 1600 regni
1123 1517 1247 1582 nobiles
1270 1519 1312 1582 ad
1332 1519 1443 1581 huius-

261 1610 347 1673 modi
372 1608 565 1673 beneficium
589 1608 834 1690 acceptandum,
860 1629 898 1674 ac
914 1609 1106 1672 thesaurum
1124 1615 1156 1672 et
1172 1609 1326 1690 reliquias
1342 1609 1444 1690 ipsius

260 1699 392 1763 ecclesie
415 1706 438 1762 t.
462 1698 727 1778 conservandum,
760 1705 828 1762 tum
864 1697 1069 1780 exigentibus
1101 1698 1266 1780 premissis
1290 1698 1356 1762 suis
1379 1699 1443 1761 vir-

260 1789 397 1867 tutibus,
422 1796 493 1852 tum
509 1807 583 1851 vero
600 1789 803 1870 potissimum
828 1811 867 1852 ex
890 1787 1050 1852 laudabili
1074 1787 1355 1852 commendacione
1378 1789 1442 1851 sin-

262 1898 397 1961 cereque
430 1885 463 1942 et
495 1877 622 1959 integre
653 1877 823 1942 fidelitatis
856 1877 979 1941 familie
1012 1877 1189 1959 domusque
1222 1899 1286 1958 sue,
1325 1876 1444 1960 quibus

260 1969 328 2050 ipse
361 1969 402 2032 ab
437 1969 572 2050 antiquo
606 1972 638 2030 et
671 1968 741 2049 ipsa
773 1968 887 2031 domus
918 1967 995 2030 huic
1027 1989 1126 2049 regno
1160 1972 1270 2031 nostro
1295 1974 1327 2030 et
1353 1987 1442 2031 sacre

261 2079 376 2122 corone
408 2065 527 2134 nostre,
561 2077 625 2119 non
658 2056 725 2120 sine
758 2079 876 2139 magna
901 2057 1016 2138 premii
1041 2063 1288 2140 prenotatorum
1311 2077 1441 2120 suorum

262 2147 484 2212 declaracione
516 2147 791 2210 benemeritorum
815 2155 848 2210 et
871 2145 1072 2210 sufficienter
1096 2145 1183 2230 apud
1207 2152 1351 2209 nostram
1376 2167 1443 2208 ma·

261 2238 411 2301 iestatem
435 2236 548 2301 extitit
571 2235 825 2314 commendatus,
848 2237 890 2300 ad
915 2235 1099 2300 huiusmodi
1125 2236 1314 2313 custodiam,
1348 2256 1444 2299 cano-

261 2328 406 2390 nicatum
431 2333 464 2390 et
487 2325 687 2407 prebendam
711 2325 862 2389 duximus
887 2326 1080 2408 eligendum,
1105 2325 1347 2404 nominandum,
1371 2347 1443 2407 pre-

261 2416 464 2495 sentandum,
488 2417 551 2478 imo
576 2416 733 2496 eligimus,
757 2415 969 2494 nominamus,
988 2422 1222 2498 presentamus
1240 2415 1443 2498 presencium

261 2527 319 2588 per
351 2507 502 2588 vigorem.
536 2503 696 2586 Quocirca
727 2504 817 2568 vobis
849 2503 937 2568 fideli
970 2512 1080 2569 nostro
1114 2512 1136 2568 t.
1160 2506 1323 2588 preposito
1356 2505 1444 2568 dicte

261 2595 392 2660 ecclesie
417 2594 582 2672 Albensis,
615 2601 787 2676 vestroque
811 2594 931 2658 vicario
963 2595 997 2657 in
1031 2595 1257 2677 spiritualibus
1291 2595 1445 2676 generali,

261 2686 379 2749 harum
402 2685 484 2748 serie
507 2683 648 2748 firmiter
669 2685 871 2763 mandamus
888 2690 1049 2766 quatenus
1072 2687 1185 2749 statim
1209 2684 1349 2766 acceptis
1372 2705 1444 2766 pre-

261 2774 408 2839 sentibus
440 2773 606 2856 prefatum
639 2780 661 2837 t.
692 2773 724 2836 in
758 2780 908 2856 pretacta
940 2775 1088 2838 custodia
1120 2775 1378 2855 canonicatuque
1411 2781 1443 2836 et

261 2863 427 2947 prebenda
459 2884 497 2926 ao
528 2863 658 2946 juribus
690 2863 875 2940 eorundem,
909 2866 1106 2928 auctoritate
1139 2871 1250 2929 nostra
1278 2863 1443 2926 ordinaria

263 2955 415 3018 canonice
438 2954 611 3017 instituere
635 2959 668 3016 et
692 2952 893 3020 confirmare.
917 2975 954 3018 ac
979 2954 1040 3017 sibi
1065 2954 1105 3017 de
1129 2955 1248 3018 eisdem
1274 2953 1445 3034 providere

173 3119 176 3128 ,
262 3043 408 3108 debeatis
440 3045 535 3126 pleno
567 3043 647 3124 jure,
686 3043 925 3106 committentes
958 3043 1168 3108 nihilominus
1200 3042 1445 3106 honorabilibus

263 3133 401 3197 dominis
434 3132 577 3216 capitulo
610 3132 696 3196 dicte
730 3133 861 3196 ecclesie
885 3139 1000 3209 vestre,
1034 3133 1152 3215 quibus
1185 3141 1218 3197 et
1250 3153 1308 3196 nos
1333 3139 1446 3195 tenore

262 3225 465 3305 presencium
489 3221 672 3286 firmissime
695 3222 929 3286 committimus
953 3228 986 3286 et
1010 3224 1209 3302 mandamus,
1228 3229 1264 3286 ut
1288 3222 1349 3304 ipsi
1373 3243 1445 3304 pre-

263 3312 368 3376 fatum
387 3312 600 3376 Franciscum
613 3312 772 3393 Warday,
785 3313 818 3374 in
844 3311 972 3390 realem,
997 3313 1196 3395 corporalem
1219 3312 1445 3393 actualemque

263 3402 440 3466 dominium
475 3409 507 3465 et
539 3401 768 3484 possessionem
803 3401 889 3464 dicte
921 3401 1067 3466 custodie
1100 3425 1137 3468 ac
1170 3403 1378 3466 canonicatus
1412 3407 1446 3464 et

262 3491 426 3575 prebende
459 3492 605 3574 jurisque
638 3491 814 3555 eorundem
847 3491 1030 3571 admittere,
1072 3498 1243 3575 acceptare
1276 3497 1309 3554 et
1341 3490 1445 3553 eidem

263 3582 396 3645 stallum
420 3582 453 3644 in
479 3581 574 3644 choro
599 3588 632 3644 et
656 3601 765 3644 vocem
789 3581 822 3643 in
847 3581 990 3662 capitulo
1015 3603 1074 3664 pro
1097 3603 1155 3647 sua
1181 3581 1352 3662 dignitate,
1371 3600 1445 3642 curn

263 3673 350 3734 omni
373 3671 577 3754 plenitudine
601 3672 682 3752 juris
706 3671 862 3748 canonici,
886 3671 1060 3752 assignare,
1077 3693 1114 3736 ac
1131 3672 1170 3736 de
1186 3671 1321 3752 singulis
1346 3669 1447 3752 ipsius

263 3761 417 3837 custodie,
457 3761 669 3826 canonicatus
707 3765 740 3823 et
777 3759 942 3842 prebende
978 3761 1115 3842 juribus,
1153 3758 1445 3843 jurisdiccionibus,

264 3850 483 3932 proventibus
507 3848 757 3914 obvencionibus
781 3857 814 3913 et
838 3850 1063 3914 emolumentis
1096 3849 1298 3933 respondere,
1332 3855 1364 3912 et
1389 3870 1447 3932 per

263 3941 320 4003 hos
346 3961 484 4022 quorum
507 3941 645 4004 interest
661 3939 710 4002 vel
731 3940 883 4002 intererit
898 3941 1087 4020 responderi
1105 3941 1211 4004 facere
1227 3939 1329 4003 modis
1345 3939 1446 4002 onmi-

264 4029 325 4094 bus
350 4030 495 4093 debeatis
519 4037 553 4093 et
577 4029 762 4106 teneamini,
785 4029 863 4092 locis
888 4028 1008 4092 debitis
1032 4036 1064 4093 et
1089 4029 1289 4112 temporibus
1320 4050 1447 4110 semper

263 4121 462 4202 opportunis.
487 4117 586 4184 Secus
610 4139 673 4182 non
697 4118 827 4182 facturi.
854 4118 999 4182 Datum

373 4281 414 4330 Aa
433 4276 492 4330 irat
512 4277 592 4332 etat:
618 4276 739 4329 Donacio
759 4276 932 4328 custodiatus
951 4276 1087 4330 Albensis.

371 4423 406 4480 (A
425 4420 515 4471 kassai
535 4418 761 4484 Formulareban,
782 4417 801 4470 f.
823 4417 887 4479 lli.)
