<?xml version="1.0" encoding="UTF-8"?>
<!DOCTYPE html PUBLIC "-//W3C//DTD XHTML 1.0 Transitional//EN"
    "http://www.w3.org/TR/xhtml1/DTD/xhtml1-transitional.dtd">
<html xmlns="http://www.w3.org/1999/xhtml" xml:lang="en" lang="en">
 <head>
  <title>
</title>
<meta http-equiv="Content-Type" content="text/html;charset=utf-8" />
  <meta name='ocr-system' content='tesseract 3.04.00' />
  <meta name='ocr-capabilities' content='ocr_page ocr_carea ocr_par ocr_line ocrx_word'/>
</head>
<body>
  <div class='ocr_page' id='page_1' title='image "./oklevltramagyar00frakgoog_0064.png"; bbox 0 0 3436 5500; ppageno 0'>
   <div class='ocr_carea' id='block_1_1' title="bbox 472 414 1421 472">
    <p class='ocr_par' dir='ltr' id='par_1_1' title="bbox 472 414 1421 472">
     <span class='ocr_line' id='line_1_1' title="bbox 472 414 1421 472; baseline -0.001 -1"><span class='ocrx_word' id='word_1_1' title='bbox 472 434 491 471; x_wconf 79' lang='grc'>1</span> <span class='ocrx_word' id='word_1_2' title='bbox 514 433 636 472; x_wconf 68' lang='lat' dir='ltr'>unsrun</span> <span class='ocrx_word' id='word_1_3' title='bbox 659 433 718 472; x_wconf 79' lang='lat' dir='ltr'>rra.</span> <span class='ocrx_word' id='word_1_4' title='bbox 742 433 871 472; x_wconf 75' lang='lat' dir='ltr'>sacroru</span> <span class='ocrx_word' id='word_1_5' title='bbox 895 433 948 472; x_wconf 84' lang='lat' dir='ltr'>roe</span> <span class='ocrx_word' id='word_1_6' title='bbox 972 420 1200 472; x_wconf 77' lang='lat' dir='ltr'>ubsrtnurrtrmz.</span> <span class='ocrx_word' id='word_1_7' title='bbox 1380 414 1421 472; x_wconf 78' lang='lat'>27</span> 
     </span>
    </p>
   </div>
   <div class='ocr_carea' id='block_1_2' title="bbox 238 603 1426 4187">
    <p class='ocr_par' dir='ltr' id='par_1_2' title="bbox 238 603 1426 4187">
     <span class='ocr_line' id='line_1_2' title="bbox 239 603 1423 687; baseline -0.001 -19"><span class='ocrx_word' id='word_1_8' title='bbox 239 607 359 670; x_wconf 84' lang='lat' dir='ltr'>fratres</span> <span class='ocrx_word' id='word_1_9' title='bbox 391 605 425 667; x_wconf 89' lang='lat' dir='ltr'>in</span> <span class='ocrx_word' id='word_1_10' title='bbox 458 605 526 687; x_wconf 91' lang='lat' dir='ltr'>ipso</span> <span class='ocrx_word' id='word_1_11' title='bbox 558 626 617 687; x_wconf 92' lang='lat' dir='ltr'>pro</span> <span class='ocrx_word' id='word_1_12' title='bbox 651 610 795 686; x_wconf 89' lang='lat' dir='ltr'>tempore</span> <span class='ocrx_word' id='word_1_13' title='bbox 828 605 980 687; x_wconf 82' lang='lat' dir='ltr'>degentes</span> <span class='ocrx_word' id='word_1_14' title='bbox 1013 606 1107 687; x_wconf 84' lang='lat' dir='ltr'>juxta</span> <span class='ocrx_word' id='word_1_15' title='bbox 1139 604 1270 668; x_wconf 91' lang='lat' dir='ltr'>modum</span> <span class='ocrx_word' id='word_1_16' title='bbox 1299 603 1423 668; x_wconf 84' lang='lat' dir='ltr'><strong>ordinis</strong></span> 
     </span>
     <span class='ocr_line' id='line_1_3' title="bbox 239 693 1421 777; baseline 0 -21"><span class='ocrx_word' id='word_1_17' title='bbox 239 695 366 760; x_wconf 84' lang='lat' dir='ltr'>visitari</span> <span class='ocrx_word' id='word_1_18' title='bbox 388 716 453 758; x_wconf 91' lang='lat' dir='ltr'>non</span> <span class='ocrx_word' id='word_1_19' title='bbox 476 698 638 776; x_wconf 77' lang='lat' dir='ltr'>poterant,</span> <span class='ocrx_word' id='word_1_20' title='bbox 657 695 899 758; x_wconf 80' lang='lat' dir='ltr'>considerantes</span> <span class='ocrx_word' id='word_1_21' title='bbox 914 700 1087 777; x_wconf 90' lang='lat' dir='ltr'>propterea</span> <span class='ocrx_word' id='word_1_22' title='bbox 1102 695 1230 757; x_wconf 89' lang='lat' dir='ltr'>nullum</span> <span class='ocrx_word' id='word_1_23' title='bbox 1246 693 1314 757; x_wconf 91' lang='grc'>11116</span> <span class='ocrx_word' id='word_1_24' title='bbox 1330 715 1421 776; x_wconf 89' lang='lat' dir='ltr'>posse</span> 
     </span>
     <span class='ocr_line' id='line_1_4' title="bbox 238 783 1421 866; baseline -0.003 -18"><span class='ocrx_word' id='word_1_25' title='bbox 238 785 385 848; x_wconf 84' lang='lat' dir='ltr'>fructum</span> <span class='ocrx_word' id='word_1_26' title='bbox 408 785 516 848; x_wconf 78' lang='lat' dir='ltr'>faeere</span> <span class='ocrx_word' id='word_1_27' title='bbox 539 785 740 863; x_wconf 89' lang='lat' dir='ltr'>animarum;</span> <span class='ocrx_word' id='word_1_28' title='bbox 772 784 952 866; x_wconf 87' lang='lat' dir='ltr'>ceterisque</span> <span class='ocrx_word' id='word_1_29' title='bbox 976 783 1323 848; x_wconf 83' lang='lat' dir='ltr'>aliis&#39;rationabilibus</span> <span class='ocrx_word' id='word_1_30' title='bbox 1347 804 1421 846; x_wconf 91' lang='lat' dir='ltr'>oau-</span> 
     </span>
     <span class='ocr_line' id='line_1_5' title="bbox 241 873 1422 956; baseline -0.003 -19"><span class='ocrx_word' id='word_1_31' title='bbox 241 875 292 955; x_wconf 79' lang='grc'>111,</span> <span class='ocrx_word' id='word_1_32' title='bbox 316 873 448 938; x_wconf 84' lang='lat' dir='ltr'>ecclesie</span> <span class='ocrx_word' id='word_1_33' title='bbox 472 894 528 936; x_wconf 91' lang='lat' dir='ltr'>seu</span> <span class='ocrx_word' id='word_1_34' title='bbox 552 873 685 937; x_wconf 79' lang='lat' dir='ltr'>abbatie</span> <span class='ocrx_word' id='word_1_35' title='bbox 707 873 894 938; x_wconf 91' lang='lat' dir='ltr'>huiusmodi</span> <span class='ocrx_word' id='word_1_36' title='bbox 918 874 1039 956; x_wconf 85' lang='lat' dir='ltr'>prefati</span> <span class='ocrx_word' id='word_1_37' title='bbox 1063 875 1164 938; x_wconf 92' lang='lat' dir='ltr'>abbas</span> <span class='ocrx_word' id='word_1_38' title='bbox 1188 879 1221 936; x_wconf 92' lang='lat' dir='ltr'>et</span> <span class='ocrx_word' id='word_1_39' title='bbox 1244 873 1364 937; x_wconf 82' lang='lat' dir='ltr'>fratres</span> <span class='ocrx_word' id='word_1_40' title='bbox 1388 873 1422 934; x_wconf 95' lang='lat' dir='ltr'>in</span> 
     </span>
     <span class='ocr_line' id='line_1_6' title="bbox 241 961 1423 1046; baseline -0.003 -20"><span class='ocrx_word' id='word_1_41' title='bbox 241 964 391 1028; x_wconf 91' lang='lat' dir='ltr'>manibus</span> <span class='ocrx_word' id='word_1_42' title='bbox 424 962 543 1027; x_wconf 90' lang='lat' dir='ltr'>nostris</span> <span class='ocrx_word' id='word_1_43' title='bbox 582 969 749 1027; x_wconf 88' lang='lat' dir='ltr'>cesserunt</span> <span class='ocrx_word' id='word_1_44' title='bbox 782 969 815 1027; x_wconf 87' lang='lat' dir='ltr'>et</span> <span class='ocrx_word' id='word_1_45' title='bbox 848 964 1130 1043; x_wconf 84' lang='lat' dir='ltr'>renuntiaverunt,</span> <span class='ocrx_word' id='word_1_46' title='bbox 1170 984 1250 1046; x_wconf 91' lang='lat' dir='ltr'>quas</span> <span class='ocrx_word' id='word_1_47' title='bbox 1291 961 1423 1044; x_wconf 90' lang='lat' dir='ltr'>quidem</span> 
     </span>
     <span class='ocr_line' id='line_1_7' title="bbox 240 1053 1423 1135; baseline -0.002 -19"><span class='ocrx_word' id='word_1_48' title='bbox 240 1053 517 1118; x_wconf 84' lang='lat' dir='ltr'>renuntiationem</span> <span class='ocrx_word' id='word_1_49' title='bbox 551 1057 583 1114; x_wconf 87' lang='lat' dir='ltr'>et</span> <span class='ocrx_word' id='word_1_50' title='bbox 611 1053 786 1117; x_wconf 84' lang='lat' dir='ltr'>cessionem</span> <span class='ocrx_word' id='word_1_51' title='bbox 824 1053 1045 1134; x_wconf 86' lang='lat' dir='ltr'>admittentes,</span> <span class='ocrx_word' id='word_1_52' title='bbox 1084 1059 1310 1135; x_wconf 87' lang='lat' dir='ltr'>quantumque</span> <span class='ocrx_word' id='word_1_53' title='bbox 1348 1072 1423 1114; x_wconf 92' lang='lat' dir='ltr'>cum</span> 
     </span>
     <span class='ocr_line' id='line_1_8' title="bbox 241 1141 1423 1226; baseline -0.003 -20"><span class='ocrx_word' id='word_1_54' title='bbox 241 1143 310 1208; x_wconf 92' lang='lat' dir='ltr'>Deo</span> <span class='ocrx_word' id='word_1_55' title='bbox 334 1163 503 1226; x_wconf 89' lang='lat' dir='ltr'>possumus</span> <span class='ocrx_word' id='word_1_56' title='bbox 527 1141 665 1224; x_wconf 89' lang='lat' dir='ltr'>desuper</span> <span class='ocrx_word' id='word_1_57' title='bbox 687 1143 857 1225; x_wconf 87' lang='lat' dir='ltr'>providere</span> <span class='ocrx_word' id='word_1_58' title='bbox 881 1143 1031 1223; x_wconf 81' lang='lat' dir='ltr'>volentes,</span> <span class='ocrx_word' id='word_1_59' title='bbox 1057 1149 1149 1206; x_wconf 90' lang='lat' dir='ltr'>motu</span> <span class='ocrx_word' id='word_1_60' title='bbox 1172 1142 1302 1224; x_wconf 90' lang='lat' dir='ltr'>proprio</span> <span class='ocrx_word' id='word_1_61' title='bbox 1327 1147 1359 1206; x_wconf 90' lang='lat' dir='ltr'>et</span> <span class='ocrx_word' id='word_1_62' title='bbox 1384 1161 1423 1202; x_wconf 82' lang='lat' dir='ltr'>ex</span> 
     </span>
     <span class='ocr_line' id='line_1_9' title="bbox 241 1232 1422 1312; baseline -0.003 -16"><span class='ocrx_word' id='word_1_63' title='bbox 241 1239 330 1297; x_wconf 90' lang='lat' dir='ltr'>certa</span> <span class='ocrx_word' id='word_1_64' title='bbox 354 1233 490 1298; x_wconf 89' lang='lat' dir='ltr'>scientia</span> <span class='ocrx_word' id='word_1_65' title='bbox 513 1233 749 1296; x_wconf 83' lang='lat' dir='ltr'>concessionem</span> <span class='ocrx_word' id='word_1_66' title='bbox 772 1233 958 1298; x_wconf 89' lang='lat' dir='ltr'>huiusmodi</span> <span class='ocrx_word' id='word_1_67' title='bbox 980 1233 1095 1297; x_wconf 89' lang='lat' dir='ltr'>abbati</span> <span class='ocrx_word' id='word_1_68' title='bbox 1115 1237 1148 1295; x_wconf 92' lang='lat' dir='ltr'>et</span> <span class='ocrx_word' id='word_1_69' title='bbox 1168 1232 1327 1296; x_wconf 87' lang='lat' dir='ltr'>fratribus</span> <span class='ocrx_word' id='word_1_70' title='bbox 1351 1252 1422 1312; x_wconf 91' lang='lat' dir='ltr'>pre-</span> 
     </span>
     <span class='ocr_line' id='line_1_10' title="bbox 239 1320 1424 1404; baseline -0.003 -19"><span class='ocrx_word' id='word_1_71' title='bbox 239 1323 472 1402; x_wconf 75' lang='lat' dir='ltr'>satisfactam,</span> <span class='ocrx_word' id='word_1_72' title='bbox 497 1321 624 1385; x_wconf 89' lang='lat' dir='ltr'>etiamsi</span> <span class='ocrx_word' id='word_1_73' title='bbox 647 1322 705 1386; x_wconf 91' lang='lat' dir='ltr'>illa</span> <span class='ocrx_word' id='word_1_74' title='bbox 729 1322 905 1404; x_wconf 89' lang='lat' dir='ltr'>apostolica</span> <span class='ocrx_word' id='word_1_75' title='bbox 923 1323 973 1386; x_wconf 82' lang='lat' dir='ltr'>vel</span> <span class='ocrx_word' id='word_1_76' title='bbox 996 1323 1062 1388; x_wconf 90' lang='lat' dir='ltr'>alia</span> <span class='ocrx_word' id='word_1_77' title='bbox 1087 1322 1199 1404; x_wconf 80' lang='lat' dir='ltr'>quavis</span> <span class='ocrx_word' id='word_1_78' title='bbox 1224 1320 1424 1384; x_wconf 89' lang='lat' dir='ltr'>auctoritate</span> 
     </span>
     <span class='ocr_line' id='line_1_11' title="bbox 241 1410 1423 1494; baseline -0.003 -19"><span class='ocrx_word' id='word_1_79' title='bbox 241 1416 432 1476; x_wconf 90' lang='lat' dir='ltr'>confirmata</span> <span class='ocrx_word' id='word_1_80' title='bbox 456 1418 488 1476; x_wconf 93' lang='lat' dir='ltr'>et</span> <span class='ocrx_word' id='word_1_81' title='bbox 512 1410 676 1492; x_wconf 89' lang='lat' dir='ltr'>roborata,</span> <span class='ocrx_word' id='word_1_82' title='bbox 700 1413 834 1494; x_wconf 92' lang='lat' dir='ltr'>ipsaque</span> <span class='ocrx_word' id='word_1_83' title='bbox 859 1413 993 1477; x_wconf 89' lang='lat' dir='ltr'>ecclesia</span> <span class='ocrx_word' id='word_1_84' title='bbox 1024 1413 1129 1476; x_wconf 91' lang='lat' dir='ltr'>eidem</span> <span class='ocrx_word' id='word_1_85' title='bbox 1152 1411 1259 1475; x_wconf 89' lang='lat' dir='ltr'>ordini</span> <span class='ocrx_word' id='word_1_86' title='bbox 1282 1411 1423 1474; x_wconf 91' lang='lat' dir='ltr'>Montis-</span> 
     </span>
     <span class='ocr_line' id='line_1_12' title="bbox 240 1501 1423 1585; baseline -0.003 -19"><span class='ocrx_word' id='word_1_87' title='bbox 240 1502 350 1566; x_wconf 87' lang='lat' dir='ltr'>oliveti</span> <span class='ocrx_word' id='word_1_88' title='bbox 382 1502 462 1566; x_wconf 91' lang='lat' dir='ltr'>alias</span> <span class='ocrx_word' id='word_1_89' title='bbox 495 1501 703 1583; x_wconf 88' lang='lat' dir='ltr'>incorporata</span> <span class='ocrx_word' id='word_1_90' title='bbox 734 1502 846 1582; x_wconf 80' lang='lat' dir='ltr'>fuerit,</span> <span class='ocrx_word' id='word_1_91' title='bbox 878 1503 1055 1585; x_wconf 88' lang='lat' dir='ltr'>apostolica</span> <span class='ocrx_word' id='word_1_92' title='bbox 1088 1501 1286 1566; x_wconf 88' lang='lat' dir='ltr'>auctoritate</span> <span class='ocrx_word' id='word_1_93' title='bbox 1319 1521 1423 1563; x_wconf 89' lang='lat' dir='ltr'>cassa-</span> 
     </span>
     <span class='ocr_line' id='line_1_13' title="bbox 241 1591 1422 1674; baseline -0.003 -19"><span class='ocrx_word' id='word_1_94' title='bbox 241 1615 320 1672; x_wconf 92' lang='lat' dir='ltr'>mus,</span> <span class='ocrx_word' id='word_1_95' title='bbox 344 1612 540 1671; x_wconf 78' lang='lat' dir='ltr'>revocamus,</span> <span class='ocrx_word' id='word_1_96' title='bbox 563 1591 741 1671; x_wconf 77' lang='lat' dir='ltr'>irritamus</span> <span class='ocrx_word' id='word_1_97' title='bbox 765 1592 921 1674; x_wconf 87' lang='lat' dir='ltr'>illamque</span> <span class='ocrx_word' id='word_1_98' title='bbox 937 1599 970 1656; x_wconf 89' lang='lat' dir='ltr'>et</span> <span class='ocrx_word' id='word_1_99' title='bbox 985 1613 1190 1674; x_wconf 91' lang='lat' dir='ltr'>quecumque</span> <span class='ocrx_word' id='word_1_100' title='bbox 1212 1591 1288 1654; x_wconf 91' lang='lat' dir='ltr'>inde</span> <span class='ocrx_word' id='word_1_101' title='bbox 1312 1595 1422 1653; x_wconf 89' lang='lat' dir='ltr'>secuta</span> 
     </span>
     <span class='ocr_line' id='line_1_14' title="bbox 241 1680 1423 1756; baseline -0.002 -12"><span class='ocrx_word' id='word_1_102' title='bbox 241 1682 362 1744; x_wconf 92' lang='lat' dir='ltr'>nullius</span> <span class='ocrx_word' id='word_1_103' title='bbox 385 1681 511 1745; x_wconf 93' lang='lat' dir='ltr'>roboris</span> <span class='ocrx_word' id='word_1_104' title='bbox 535 1681 585 1743; x_wconf 86' lang='lat' dir='ltr'>vel</span> <span class='ocrx_word' id='word_1_105' title='bbox 608 1681 764 1746; x_wconf 90' lang='lat' dir='ltr'>momenti</span> <span class='ocrx_word' id='word_1_106' title='bbox 787 1703 843 1745; x_wconf 87' lang='lat' dir='ltr'>seu</span> <span class='ocrx_word' id='word_1_107' title='bbox 868 1681 1011 1746; x_wconf 86' lang='lat' dir='ltr'>efficacie</span> <span class='ocrx_word' id='word_1_108' title='bbox 1043 1682 1182 1746; x_wconf 84' lang='lat' dir='ltr'>existere</span> <span class='ocrx_word' id='word_1_109' title='bbox 1211 1680 1423 1756; x_wconf 88' lang='lat' dir='ltr'>decreuimus,</span> 
     </span>
     <span class='ocr_line' id='line_1_15' title="bbox 242 1769 1424 1852; baseline -0.003 -18"><span class='ocrx_word' id='word_1_110' title='bbox 242 1772 428 1852; x_wconf 84' lang='lat' dir='ltr'>dictamque</span> <span class='ocrx_word' id='word_1_111' title='bbox 447 1770 614 1834; x_wconf 89' lang='lat' dir='ltr'>ecclesiam</span> <span class='ocrx_word' id='word_1_112' title='bbox 634 1777 745 1835; x_wconf 89' lang='lat' dir='ltr'>sancte</span> <span class='ocrx_word' id='word_1_113' title='bbox 765 1771 958 1852; x_wconf 87' lang='lat' dir='ltr'>Margarite,</span> <span class='ocrx_word' id='word_1_114' title='bbox 984 1771 1110 1836; x_wconf 89' lang='lat' dir='ltr'>etiamsi</span> <span class='ocrx_word' id='word_1_115' title='bbox 1134 1771 1279 1852; x_wconf 82' lang='lat' dir='ltr'>dignitas</span> <span class='ocrx_word' id='word_1_116' title='bbox 1302 1769 1424 1851; x_wconf 91' lang='lat' dir='ltr'>princi·</span> 
     </span>
     <span class='ocr_line' id='line_1_16' title="bbox 241 1857 1424 1942; baseline -0.003 -18"><span class='ocrx_word' id='word_1_117' title='bbox 241 1861 323 1942; x_wconf 89' lang='lat' dir='ltr'>palis</span> <span class='ocrx_word' id='word_1_118' title='bbox 346 1867 405 1926; x_wconf 88' lang='lat' dir='ltr'>aut</span> <span class='ocrx_word' id='word_1_119' title='bbox 429 1866 545 1924; x_wconf 87' lang='lat' dir='ltr'>curata</span> <span class='ocrx_word' id='word_1_120' title='bbox 568 1867 627 1924; x_wconf 90' lang='lat' dir='ltr'>aut</span> <span class='ocrx_word' id='word_1_121' title='bbox 651 1861 786 1924; x_wconf 89' lang='lat' dir='ltr'>electiva</span> <span class='ocrx_word' id='word_1_122' title='bbox 809 1861 919 1941; x_wconf 81' lang='lat' dir='ltr'>fuerit,</span> <span class='ocrx_word' id='word_1_123' title='bbox 953 1863 1045 1926; x_wconf 91' lang='lat' dir='ltr'>cuius</span> <span class='ocrx_word' id='word_1_124' title='bbox 1069 1862 1196 1925; x_wconf 83' lang='lat' dir='ltr'>fructus</span> <span class='ocrx_word' id='word_1_125' title='bbox 1222 1866 1282 1924; x_wconf 90' lang='lat' dir='ltr'>etc.</span> <span class='ocrx_word' id='word_1_126' title='bbox 1306 1857 1424 1940; x_wconf 83' lang='lat' dir='ltr'>viginti</span> 
     </span>
     <span class='ocr_line' id='line_1_17' title="bbox 242 1949 1423 2032; baseline -0.002 -18"><span class='ocrx_word' id='word_1_127' title='bbox 242 1957 384 2032; x_wconf 88' lang='lat' dir='ltr'>quatuor</span> <span class='ocrx_word' id='word_1_128' title='bbox 417 1950 626 2014; x_wconf 86' lang='lat' dir='ltr'>marcharum</span> <span class='ocrx_word' id='word_1_129' title='bbox 658 1950 787 2032; x_wconf 79' lang='lat' dir='ltr'>argenti</span> <span class='ocrx_word' id='word_1_130' title='bbox 811 1951 989 2016; x_wconf 89' lang='lat' dir='ltr'>secundum</span> <span class='ocrx_word' id='word_1_131' title='bbox 1012 1972 1213 2016; x_wconf 89' lang='lat' dir='ltr'>communem</span> <span class='ocrx_word' id='word_1_132' title='bbox 1239 1949 1423 2012; x_wconf 84' lang='lat' dir='ltr'>extimatio-</span> 
     </span>
     <span class='ocr_line' id='line_1_18' title="bbox 242 2038 1424 2122; baseline -0.002 -20"><span class='ocrx_word' id='word_1_133' title='bbox 242 2061 314 2104; x_wconf 90' lang='lat' dir='ltr'>nem</span> <span class='ocrx_word' id='word_1_134' title='bbox 338 2041 480 2104; x_wconf 84' lang='lat' dir='ltr'>valorem</span> <span class='ocrx_word' id='word_1_135' title='bbox 502 2061 648 2102; x_wconf 89' lang='lat' dir='ltr'>annuum</span> <span class='ocrx_word' id='word_1_136' title='bbox 672 2061 737 2104; x_wconf 93' lang='lat' dir='ltr'>non</span> <span class='ocrx_word' id='word_1_137' title='bbox 761 2041 930 2120; x_wconf 85' lang='lat' dir='ltr'>excedunt,</span> <span class='ocrx_word' id='word_1_138' title='bbox 963 2041 1029 2104; x_wconf 88' lang='lat' dir='ltr'>sive</span> <span class='ocrx_word' id='word_1_139' title='bbox 1053 2046 1091 2104; x_wconf 87' lang='lat' dir='ltr'>ut</span> <span class='ocrx_word' id='word_1_140' title='bbox 1115 2039 1329 2122; x_wconf 90' lang='lat' dir='ltr'>premittitur,</span> <span class='ocrx_word' id='word_1_141' title='bbox 1358 2038 1424 2101; x_wconf 80' lang='lat' dir='ltr'>sive</span> 
     </span>
     <span class='ocr_line' id='line_1_19' title="bbox 241 2129 1423 2212; baseline -0.002 -20"><span class='ocrx_word' id='word_1_142' title='bbox 241 2130 321 2193; x_wconf 88' lang='lat' dir='ltr'>alias</span> <span class='ocrx_word' id='word_1_143' title='bbox 353 2129 560 2212; x_wconf 90' lang='lat' dir='ltr'>quovismodo</span> <span class='ocrx_word' id='word_1_144' title='bbox 593 2135 652 2192; x_wconf 91' lang='lat' dir='ltr'>aut</span> <span class='ocrx_word' id='word_1_145' title='bbox 686 2150 725 2192; x_wconf 89' lang='lat' dir='ltr'>ex</span> <span class='ocrx_word' id='word_1_146' title='bbox 757 2130 892 2194; x_wconf 91' lang='lat' dir='ltr'>alterius</span> <span class='ocrx_word' id='word_1_147' title='bbox 926 2131 1158 2212; x_wconf 89' lang='lat' dir='ltr'>cuiuscumque</span> <span class='ocrx_word' id='word_1_148' title='bbox 1190 2150 1335 2212; x_wconf 89' lang='lat' dir='ltr'>persona,</span> <span class='ocrx_word' id='word_1_149' title='bbox 1366 2149 1423 2190; x_wconf 92' lang='lat' dir='ltr'>seu</span> 
     </span>
     <span class='ocr_line' id='line_1_20' title="bbox 241 2217 1423 2302; baseline -0.003 -20"><span class='ocrx_word' id='word_1_150' title='bbox 241 2241 298 2302; x_wconf 91' lang='lat' dir='ltr'>per</span> <span class='ocrx_word' id='word_1_151' title='bbox 322 2219 458 2284; x_wconf 90' lang='lat' dir='ltr'>liberam</span> <span class='ocrx_word' id='word_1_152' title='bbox 482 2219 736 2301; x_wconf 88' lang='lat' dir='ltr'>resignationem</span> <span class='ocrx_word' id='word_1_153' title='bbox 759 2219 922 2284; x_wconf 91' lang='lat' dir='ltr'>dictorum</span> <span class='ocrx_word' id='word_1_154' title='bbox 946 2221 1076 2284; x_wconf 89' lang='lat' dir='ltr'>abbatis</span> <span class='ocrx_word' id='word_1_155' title='bbox 1093 2226 1126 2282; x_wconf 89' lang='lat' dir='ltr'>et</span> <span class='ocrx_word' id='word_1_156' title='bbox 1141 2219 1284 2282; x_wconf 80' lang='lat' dir='ltr'>fratrum</span> <span class='ocrx_word' id='word_1_157' title='bbox 1302 2217 1423 2300; x_wconf 81' lang='lat' dir='ltr'>prefati</span> 
     </span>
     <span class='ocr_line' id='line_1_21' title="bbox 242 2307 1424 2393; baseline -0.003 -20"><span class='ocrx_word' id='word_1_158' title='bbox 242 2309 364 2373; x_wconf 88' lang='lat' dir='ltr'>ordinis</span> <span class='ocrx_word' id='word_1_159' title='bbox 388 2309 634 2388; x_wconf 90' lang='lat' dir='ltr'>Montisoliveti,</span> <span class='ocrx_word' id='word_1_160' title='bbox 668 2316 726 2372; x_wconf 91' lang='lat' dir='ltr'>aut</span> <span class='ocrx_word' id='word_1_161' title='bbox 751 2310 850 2373; x_wconf 87' lang='lat' dir='ltr'>etiam</span> <span class='ocrx_word' id='word_1_162' title='bbox 873 2310 974 2393; x_wconf 90' lang='lat' dir='ltr'>ipsius</span> <span class='ocrx_word' id='word_1_163' title='bbox 999 2309 1129 2388; x_wconf 82' lang='lat' dir='ltr'>Seiridi,</span> <span class='ocrx_word' id='word_1_164' title='bbox 1158 2314 1217 2372; x_wconf 89' lang='lat' dir='ltr'>aut</span> <span class='ocrx_word' id='word_1_165' title='bbox 1241 2307 1424 2371; x_wconf 89' lang='lat' dir='ltr'>cuiuscum-</span> 
     </span>
     <span class='ocr_line' id='line_1_22' title="bbox 242 2396 1424 2480; baseline -0.003 -18"><span class='ocrx_word' id='word_1_166' title='bbox 242 2420 303 2480; x_wconf 91' lang='lat' dir='ltr'>que</span> <span class='ocrx_word' id='word_1_167' title='bbox 336 2399 472 2462; x_wconf 90' lang='lat' dir='ltr'>alterius</span> <span class='ocrx_word' id='word_1_168' title='bbox 505 2399 544 2462; x_wconf 93' lang='lat' dir='ltr'>de</span> <span class='ocrx_word' id='word_1_169' title='bbox 577 2399 634 2462; x_wconf 88' lang='lat' dir='ltr'>illa</span> <span class='ocrx_word' id='word_1_170' title='bbox 666 2398 700 2461; x_wconf 88' lang='lat' dir='ltr'>in</span> <span class='ocrx_word' id='word_1_171' title='bbox 732 2400 881 2464; x_wconf 86' lang='lat' dir='ltr'>Romana</span> <span class='ocrx_word' id='word_1_172' title='bbox 905 2400 997 2464; x_wconf 90' lang='lat' dir='ltr'>ouria</span> <span class='ocrx_word' id='word_1_173' title='bbox 1020 2401 1070 2463; x_wconf 86' lang='lat' dir='ltr'>vel</span> <span class='ocrx_word' id='word_1_174' title='bbox 1094 2405 1188 2463; x_wconf 83' lang='lat' dir='ltr'>extra</span> <span class='ocrx_word' id='word_1_175' title='bbox 1212 2419 1290 2476; x_wconf 90' lang='lat' dir='ltr'>eam,</span> <span class='ocrx_word' id='word_1_176' title='bbox 1324 2396 1424 2461; x_wconf 90' lang='lat' dir='ltr'>etiarn</span> 
     </span>
     <span class='ocr_line' id='line_1_23' title="bbox 242 2488 1424 2572; baseline -0.003 -21"><span class='ocrx_word' id='word_1_177' title='bbox 242 2509 348 2552; x_wconf 88' lang='lat' dir='ltr'>coram</span> <span class='ocrx_word' id='word_1_178' title='bbox 373 2489 501 2552; x_wconf 88' lang='lat' dir='ltr'>notario</span> <span class='ocrx_word' id='word_1_179' title='bbox 525 2488 655 2571; x_wconf 89' lang='lat' dir='ltr'>publico</span> <span class='ocrx_word' id='word_1_180' title='bbox 680 2493 712 2552; x_wconf 90' lang='lat' dir='ltr'>et</span> <span class='ocrx_word' id='word_1_181' title='bbox 737 2489 876 2553; x_wconf 90' lang='lat' dir='ltr'>testibus</span> <span class='ocrx_word' id='word_1_182' title='bbox 901 2497 1014 2572; x_wconf 86' lang='lat' dir='ltr'>sponte</span> <span class='ocrx_word' id='word_1_183' title='bbox 1037 2490 1168 2568; x_wconf 80' lang='lat' dir='ltr'>factam,</span> <span class='ocrx_word' id='word_1_184' title='bbox 1189 2509 1245 2551; x_wconf 93' lang='lat' dir='ltr'>seu</span> <span class='ocrx_word' id='word_1_185' title='bbox 1268 2509 1326 2569; x_wconf 91' lang='lat' dir='ltr'>per</span> <span class='ocrx_word' id='word_1_186' title='bbox 1350 2507 1424 2549; x_wconf 88' lang='lat' dir='ltr'>oon-</span> 
     </span>
     <span class='ocr_line' id='line_1_24' title="bbox 242 2576 1425 2662; baseline -0.003 -22"><span class='ocrx_word' id='word_1_187' title='bbox 242 2577 448 2642; x_wconf 86' lang='lat' dir='ltr'>stitutionem</span> <span class='ocrx_word' id='word_1_188' title='bbox 473 2578 678 2642; x_wconf 81' lang='lat' dir='ltr'>Execrabilis</span> <span class='ocrx_word' id='word_1_189' title='bbox 703 2586 803 2658; x_wconf 79' lang='lat' dir='ltr'>vacet,</span> <span class='ocrx_word' id='word_1_190' title='bbox 835 2585 895 2643; x_wconf 91' lang='lat' dir='ltr'>aut</span> <span class='ocrx_word' id='word_1_191' title='bbox 927 2579 1112 2662; x_wconf 85' lang='lat' dir='ltr'>specialiter</span> <span class='ocrx_word' id='word_1_192' title='bbox 1144 2578 1194 2641; x_wconf 88' lang='lat' dir='ltr'>vel</span> <span class='ocrx_word' id='word_1_193' title='bbox 1228 2576 1425 2658; x_wconf 89' lang='lat' dir='ltr'>generaliter</span> 
     </span>
     <span class='ocr_line' id='line_1_25' title="bbox 241 2668 1425 2750; baseline -0.002 -20"><span class='ocrx_word' id='word_1_194' title='bbox 241 2675 414 2748; x_wconf 85' lang='lat' dir='ltr'>reservata,</span> <span class='ocrx_word' id='word_1_195' title='bbox 439 2668 591 2731; x_wconf 85' lang='lat' dir='ltr'>devoluta</span> <span class='ocrx_word' id='word_1_196' title='bbox 614 2674 673 2731; x_wconf 87' lang='lat' dir='ltr'>aut</span> <span class='ocrx_word' id='word_1_197' title='bbox 696 2669 840 2750; x_wconf 91' lang='lat' dir='ltr'>litigiosa</span> <span class='ocrx_word' id='word_1_198' title='bbox 864 2671 992 2745; x_wconf 85' lang='lat' dir='ltr'>existat,</span> <span class='ocrx_word' id='word_1_199' title='bbox 1017 2669 1109 2732; x_wconf 89' lang='lat' dir='ltr'>cuius</span> <span class='ocrx_word' id='word_1_200' title='bbox 1124 2669 1192 2732; x_wconf 89' lang='lat' dir='ltr'>litis</span> <span class='ocrx_word' id='word_1_201' title='bbox 1211 2673 1335 2730; x_wconf 87' lang='lat' dir='ltr'>statum</span> <span class='ocrx_word' id='word_1_202' title='bbox 1355 2673 1425 2744; x_wconf 88' lang='lat' dir='ltr'>etc,</span> 
     </span>
     <span class='ocr_line' id='line_1_26' title="bbox 241 2756 1423 2840; baseline -0.001 -20"><span class='ocrx_word' id='word_1_203' title='bbox 241 2758 339 2821; x_wconf 90' lang='lat' dir='ltr'>etiam</span> <span class='ocrx_word' id='word_1_204' title='bbox 372 2757 399 2820; x_wconf 90' lang='lat' dir='ltr'>si</span> <span class='ocrx_word' id='word_1_205' title='bbox 432 2757 472 2820; x_wconf 89' lang='lat' dir='ltr'>de</span> <span class='ocrx_word' id='word_1_206' title='bbox 504 2759 576 2840; x_wconf 85' lang='lat' dir='ltr'>jure</span> <span class='ocrx_word' id='word_1_207' title='bbox 608 2763 803 2838; x_wconf 90' lang='lat' dir='ltr'>patronatus</span> <span class='ocrx_word' id='word_1_208' title='bbox 837 2761 965 2834; x_wconf 81' lang='lat' dir='ltr'>existat,</span> <span class='ocrx_word' id='word_1_209' title='bbox 998 2780 1072 2822; x_wconf 90' lang='lat' dir='ltr'>cum</span> <span class='ocrx_word' id='word_1_210' title='bbox 1105 2758 1255 2822; x_wconf 92' lang='lat' dir='ltr'>omnibus</span> <span class='ocrx_word' id='word_1_211' title='bbox 1286 2756 1423 2838; x_wconf 82' lang='lat' dir='ltr'>juribus,</span> 
     </span>
     <span class='ocr_line' id='line_1_27' title="bbox 241 2845 1425 2930; baseline -0.002 -20"><span class='ocrx_word' id='word_1_212' title='bbox 241 2847 459 2929; x_wconf 89' lang='lat' dir='ltr'>pertinentiis,</span> <span class='ocrx_word' id='word_1_213' title='bbox 490 2847 750 2930; x_wconf 88' lang='lat' dir='ltr'>possessionibus,</span> <span class='ocrx_word' id='word_1_214' title='bbox 777 2849 870 2912; x_wconf 91' lang='lat' dir='ltr'>bonis</span> <span class='ocrx_word' id='word_1_215' title='bbox 894 2855 927 2912; x_wconf 88' lang='lat' dir='ltr'>et</span> <span class='ocrx_word' id='word_1_216' title='bbox 950 2848 1153 2912; x_wconf 89' lang='lat' dir='ltr'>utilitatibus</span> <span class='ocrx_word' id='word_1_217' title='bbox 1177 2867 1214 2912; x_wconf 93' lang='lat' dir='ltr'>ac</span> <span class='ocrx_word' id='word_1_218' title='bbox 1239 2845 1425 2909; x_wconf 91' lang='lat' dir='ltr'>redditibus</span> 
     </span>
     <span class='ocr_line' id='line_1_28' title="bbox 243 2934 1424 3020; baseline -0.003 -20"><span class='ocrx_word' id='word_1_219' title='bbox 243 2937 409 3016; x_wconf 89' lang='lat' dir='ltr'>universis,</span> <span class='ocrx_word' id='word_1_220' title='bbox 442 2937 569 3000; x_wconf 88' lang='lat' dir='ltr'>dilectis</span> <span class='ocrx_word' id='word_1_221' title='bbox 602 2936 678 3000; x_wconf 90' lang='lat' dir='ltr'>filiis</span> <span class='ocrx_word' id='word_1_222' title='bbox 708 2937 810 3020; x_wconf 91' lang='lat' dir='ltr'>priori</span> <span class='ocrx_word' id='word_1_223' title='bbox 843 2944 875 3002; x_wconf 91' lang='grc'>61</span> <span class='ocrx_word' id='word_1_224' title='bbox 909 2937 1054 3020; x_wconf 91' lang='lat' dir='ltr'>generali</span> <span class='ocrx_word' id='word_1_225' title='bbox 1087 2935 1165 3016; x_wconf 80' lang='lat' dir='ltr'>(sic)</span> <span class='ocrx_word' id='word_1_226' title='bbox 1198 2944 1231 3000; x_wconf 92' lang='lat' dir='ltr'>et</span> <span class='ocrx_word' id='word_1_227' title='bbox 1264 2934 1424 2999; x_wconf 79' lang='lat' dir='ltr'>iratribus</span> 
     </span>
     <span class='ocr_line' id='line_1_29' title="bbox 241 3025 1424 3109; baseline -0.001 -20"><span class='ocrx_word' id='word_1_228' title='bbox 241 3027 364 3092; x_wconf 90' lang='lat' dir='ltr'>ordinis</span> <span class='ocrx_word' id='word_1_229' title='bbox 387 3027 493 3090; x_wconf 89' lang='lat' dir='ltr'>sancti</span> <span class='ocrx_word' id='word_1_230' title='bbox 516 3026 614 3090; x_wconf 90' lang='lat' dir='ltr'>Pauli</span> <span class='ocrx_word' id='word_1_231' title='bbox 636 3027 735 3109; x_wconf 90' lang='lat' dir='ltr'>primi</span> <span class='ocrx_word' id='word_1_232' title='bbox 759 3028 915 3092; x_wconf 92' lang='lat' dir='ltr'>heremite</span> <span class='ocrx_word' id='word_1_233' title='bbox 939 3027 998 3090; x_wconf 90' lang='lat' dir='ltr'>sub</span> <span class='ocrx_word' id='word_1_234' title='bbox 1022 3028 1137 3108; x_wconf 89' lang='lat' dir='ltr'>regula</span> <span class='ocrx_word' id='word_1_235' title='bbox 1161 3034 1193 3090; x_wconf 89' lang='lat' dir='ltr'>et</span> <span class='ocrx_word' id='word_1_236' title='bbox 1218 3025 1424 3089; x_wconf 84' lang='lat' dir='ltr'>observantia</span> 
     </span>
     <span class='ocr_line' id='line_1_30' title="bbox 242 3115 1425 3198; baseline -0.003 -18"><span class='ocrx_word' id='word_1_237' title='bbox 242 3117 347 3180; x_wconf 90' lang='lat' dir='ltr'>sancti</span> <span class='ocrx_word' id='word_1_238' title='bbox 378 3115 562 3197; x_wconf 86' lang='lat' dir='ltr'>Augustini</span> <span class='ocrx_word' id='word_1_239' title='bbox 601 3117 803 3198; x_wconf 88' lang='lat' dir='ltr'>degentibus,</span> <span class='ocrx_word' id='word_1_240' title='bbox 843 3125 942 3196; x_wconf 87' lang='lat' dir='ltr'>motu,</span> <span class='ocrx_word' id='word_1_241' title='bbox 979 3117 1114 3180; x_wconf 88' lang='lat' dir='ltr'>scientia</span> <span class='ocrx_word' id='word_1_242' title='bbox 1154 3121 1186 3180; x_wconf 94' lang='lat' dir='ltr'>et</span> <span class='ocrx_word' id='word_1_243' title='bbox 1225 3115 1425 3179; x_wconf 89' lang='lat' dir='ltr'>auctoritate</span> 
     </span>
     <span class='ocr_line' id='line_1_31' title="bbox 241 3203 1424 3288; baseline -0.003 -18"><span class='ocrx_word' id='word_1_244' title='bbox 241 3207 389 3288; x_wconf 90' lang='lat' dir='ltr'>predicta</span> <span class='ocrx_word' id='word_1_245' title='bbox 422 3206 544 3285; x_wconf 90' lang='lat' dir='ltr'>damus,</span> <span class='ocrx_word' id='word_1_246' title='bbox 578 3207 773 3270; x_wconf 83' lang='lat' dir='ltr'>conferimus</span> <span class='ocrx_word' id='word_1_247' title='bbox 797 3214 830 3271; x_wconf 89' lang='lat' dir='ltr'>et</span> <span class='ocrx_word' id='word_1_248' title='bbox 854 3208 894 3270; x_wconf 91' lang='lat' dir='ltr'>de</span> <span class='ocrx_word' id='word_1_249' title='bbox 916 3208 973 3271; x_wconf 91' lang='lat' dir='ltr'>illa</span> <span class='ocrx_word' id='word_1_250' title='bbox 998 3207 1117 3271; x_wconf 89' lang='lat' dir='ltr'>eisdem</span> <span class='ocrx_word' id='word_1_251' title='bbox 1147 3206 1244 3270; x_wconf 90' lang='lat' dir='ltr'>etiam</span> <span class='ocrx_word' id='word_1_252' title='bbox 1277 3203 1424 3288; x_wconf 84' lang='lat' dir='ltr'>provide-</span> 
     </span>
     <span class='ocr_line' id='line_1_32' title="bbox 242 3295 1425 3377; baseline -0.003 -17"><span class='ocrx_word' id='word_1_253' title='bbox 242 3319 321 3375; x_wconf 92' lang='lat' dir='ltr'>mus,</span> <span class='ocrx_word' id='word_1_254' title='bbox 345 3296 500 3377; x_wconf 91' lang='lat' dir='ltr'>illamque</span> <span class='ocrx_word' id='word_1_255' title='bbox 524 3296 612 3359; x_wconf 93' lang='lat' dir='ltr'>dicto</span> <span class='ocrx_word' id='word_1_256' title='bbox 636 3296 743 3360; x_wconf 88' lang='lat' dir='ltr'>ordini</span> <span class='ocrx_word' id='word_1_257' title='bbox 766 3297 871 3361; x_wconf 88' lang='lat' dir='ltr'>sancti</span> <span class='ocrx_word' id='word_1_258' title='bbox 904 3297 1001 3360; x_wconf 91' lang='lat' dir='ltr'>Pauli</span> <span class='ocrx_word' id='word_1_259' title='bbox 1030 3297 1158 3360; x_wconf 92' lang='lat' dir='ltr'>unimus</span> <span class='ocrx_word' id='word_1_260' title='bbox 1183 3301 1216 3359; x_wconf 88' lang='lat' dir='ltr'>et</span> <span class='ocrx_word' id='word_1_261' title='bbox 1239 3295 1425 3376; x_wconf 90' lang='lat' dir='ltr'>incorpora-</span> 
     </span>
     <span class='ocr_line' id='line_1_33' title="bbox 242 3385 1424 3468; baseline -0.003 -19"><span class='ocrx_word' id='word_1_262' title='bbox 242 3409 322 3466; x_wconf 87' lang='lat' dir='ltr'>mus,</span> <span class='ocrx_word' id='word_1_263' title='bbox 346 3406 383 3449; x_wconf 93' lang='lat' dir='ltr'>ac</span> <span class='ocrx_word' id='word_1_264' title='bbox 415 3407 473 3467; x_wconf 88' lang='lat' dir='ltr'>per</span> <span class='ocrx_word' id='word_1_265' title='bbox 506 3385 625 3449; x_wconf 79' lang='lat' dir='ltr'>fratres</span> <span class='ocrx_word' id='word_1_266' title='bbox 664 3387 876 3468; x_wconf 91' lang='lat' dir='ltr'>ordinemque</span> <span class='ocrx_word' id='word_1_267' title='bbox 909 3387 1095 3451; x_wconf 89' lang='lat' dir='ltr'>huiusmodi</span> <span class='ocrx_word' id='word_1_268' title='bbox 1128 3393 1161 3450; x_wconf 89' lang='lat' dir='ltr'>et</span> <span class='ocrx_word' id='word_1_269' title='bbox 1192 3385 1334 3468; x_wconf 88' lang='lat' dir='ltr'>priorem</span> <span class='ocrx_word' id='word_1_270' title='bbox 1366 3405 1424 3466; x_wconf 89' lang='lat' dir='ltr'>pro</span> 
     </span>
     <span class='ocr_line' id='line_1_34' title="bbox 242 3473 1424 3558; baseline -0.003 -18"><span class='ocrx_word' id='word_1_271' title='bbox 242 3483 387 3558; x_wconf 92' lang='lat' dir='ltr'>tempore</span> <span class='ocrx_word' id='word_1_272' title='bbox 410 3475 493 3539; x_wconf 91' lang='lat' dir='ltr'>inibi</span> <span class='ocrx_word' id='word_1_273' title='bbox 517 3475 742 3557; x_wconf 90' lang='lat' dir='ltr'>deputandum</span> <span class='ocrx_word' id='word_1_274' title='bbox 766 3477 800 3539; x_wconf 92' lang='lat' dir='ltr'>in</span> <span class='ocrx_word' id='word_1_275' title='bbox 824 3483 1019 3558; x_wconf 91' lang='lat' dir='ltr'>perpetuum</span> <span class='ocrx_word' id='word_1_276' title='bbox 1051 3476 1227 3558; x_wconf 88' lang='lat' dir='ltr'>regendam</span> <span class='ocrx_word' id='word_1_277' title='bbox 1251 3480 1284 3537; x_wconf 91' lang='lat' dir='ltr'>et</span> <span class='ocrx_word' id='word_1_278' title='bbox 1308 3473 1424 3556; x_wconf 87' lang='lat' dir='ltr'>guber-</span> 
     </span>
     <span class='ocr_line' id='line_1_35' title="bbox 242 3563 1425 3649; baseline -0.003 -21"><span class='ocrx_word' id='word_1_279' title='bbox 242 3566 385 3629; x_wconf 91' lang='lat' dir='ltr'>nandam</span> <span class='ocrx_word' id='word_1_280' title='bbox 424 3565 637 3645; x_wconf 88' lang='lat' dir='ltr'>concedimus,</span> <span class='ocrx_word' id='word_1_281' title='bbox 676 3587 734 3648; x_wconf 88' lang='lat' dir='ltr'>per</span> <span class='ocrx_word' id='word_1_282' title='bbox 773 3587 889 3647; x_wconf 90' lang='lat' dir='ltr'>eosque</span> <span class='ocrx_word' id='word_1_283' title='bbox 927 3567 997 3649; x_wconf 89' lang='lat' dir='ltr'>regi</span> <span class='ocrx_word' id='word_1_284' title='bbox 1030 3573 1062 3630; x_wconf 91' lang='grc'>61</span> <span class='ocrx_word' id='word_1_285' title='bbox 1095 3564 1272 3648; x_wconf 88' lang='lat' dir='ltr'>gubernari</span> <span class='ocrx_word' id='word_1_286' title='bbox 1306 3563 1425 3626; x_wconf 84' lang='lat' dir='ltr'>debere</span> 
     </span>
     <span class='ocr_line' id='line_1_36' title="bbox 242 3653 1426 3738; baseline -0.002 -21"><span class='ocrx_word' id='word_1_287' title='bbox 242 3655 449 3718; x_wconf 88' lang='lat' dir='ltr'>decrevimus.</span> <span class='ocrx_word' id='word_1_288' title='bbox 488 3654 563 3718; x_wconf 87' lang='lat' dir='ltr'>Non</span> <span class='ocrx_word' id='word_1_289' title='bbox 603 3655 810 3720; x_wconf 91' lang='lat' dir='ltr'>obstantibus</span> <span class='ocrx_word' id='word_1_290' title='bbox 843 3657 1006 3738; x_wconf 88' lang='lat' dir='ltr'>premissis</span> <span class='ocrx_word' id='word_1_291' title='bbox 1039 3655 1219 3736; x_wconf 91' lang='lat' dir='ltr'>ceterisque</span> <span class='ocrx_word' id='word_1_292' title='bbox 1251 3653 1426 3718; x_wconf 88' lang='lat' dir='ltr'>contrariis</span> 
     </span>
     <span class='ocr_line' id='line_1_37' title="bbox 243 3743 1425 3828; baseline -0.002 -22"><span class='ocrx_word' id='word_1_293' title='bbox 243 3745 501 3826; x_wconf 88' lang='lat' dir='ltr'>quibuscumque</span> <span class='ocrx_word' id='word_1_294' title='bbox 529 3751 562 3808; x_wconf 91' lang='lat' dir='ltr'>et</span> <span class='ocrx_word' id='word_1_295' title='bbox 595 3766 669 3808; x_wconf 91' lang='lat' dir='ltr'>cum</span> <span class='ocrx_word' id='word_1_296' title='bbox 703 3745 855 3809; x_wconf 88' lang='lat' dir='ltr'>clausulis</span> <span class='ocrx_word' id='word_1_297' title='bbox 888 3746 1087 3828; x_wconf 90' lang='lat' dir='ltr'>opportunis.</span> <span class='ocrx_word' id='word_1_298' title='bbox 1115 3743 1309 3809; x_wconf 75' lang='lat' dir='ltr'>Concessum</span> <span class='ocrx_word' id='word_1_299' title='bbox 1333 3748 1425 3806; x_wconf 87' lang='lat' dir='ltr'>motu</span> 
     </span>
     <span class='ocr_line' id='line_1_38' title="bbox 242 3833 1426 3917; baseline -0.003 -19"><span class='ocrx_word' id='word_1_300' title='bbox 242 3835 372 3916; x_wconf 88' lang='lat' dir='ltr'>proprio</span> <span class='ocrx_word' id='word_1_301' title='bbox 398 3835 432 3896; x_wconf 90' lang='lat' dir='ltr'>in</span> <span class='ocrx_word' id='word_1_302' title='bbox 458 3834 621 3915; x_wconf 88' lang='lat' dir='ltr'>presentia</span> <span class='ocrx_word' id='word_1_303' title='bbox 638 3835 760 3898; x_wconf 91' lang='lat' dir='ltr'>domini</span> <span class='ocrx_word' id='word_1_304' title='bbox 785 3841 894 3898; x_wconf 90' lang='lat' dir='ltr'>nostre</span> <span class='ocrx_word' id='word_1_305' title='bbox 919 3857 1009 3917; x_wconf 91' lang='lat' dir='ltr'>pape.</span> <span class='ocrx_word' id='word_1_306' title='bbox 1026 3835 1051 3899; x_wconf 84' lang='lat' dir='ltr'>J</span> <span class='ocrx_word' id='word_1_307' title='bbox 1053 3836 1195 3898; x_wconf 90' lang='lat' dir='ltr'>ohannes</span> <span class='ocrx_word' id='word_1_308' title='bbox 1212 3833 1426 3896; x_wconf 88' lang='lat' dir='ltr'>Zamorensis.</span> 
     </span>
     <span class='ocr_line' id='line_1_39' title="bbox 243 3923 1425 4006; baseline -0.003 -20"><span class='ocrx_word' id='word_1_309' title='bbox 243 3925 288 3987; x_wconf 84' lang='lat' dir='ltr'>Et</span> <span class='ocrx_word' id='word_1_310' title='bbox 313 3923 400 4006; x_wconf 89' lang='lat' dir='ltr'>quod</span> <span class='ocrx_word' id='word_1_311' title='bbox 424 3923 529 3987; x_wconf 79' lang='lat' dir='ltr'>verior</span> <span class='ocrx_word' id='word_1_312' title='bbox 551 3925 641 3987; x_wconf 89' lang='lat' dir='ltr'>valor</span> <span class='ocrx_word' id='word_1_313' title='bbox 670 3925 771 4006; x_wconf 91' lang='lat' dir='ltr'>ipsius</span> <span class='ocrx_word' id='word_1_314' title='bbox 804 3925 935 3989; x_wconf 87' lang='lat' dir='ltr'>ecclesie</span> <span class='ocrx_word' id='word_1_315' title='bbox 958 3926 993 3988; x_wconf 89' lang='lat' dir='ltr'>in</span> <span class='ocrx_word' id='word_1_316' title='bbox 1018 3947 1145 3988; x_wconf 89' lang='lat' dir='ltr'>camera</span> <span class='ocrx_word' id='word_1_317' title='bbox 1171 3923 1347 4006; x_wconf 86' lang='lat' dir='ltr'>apostolica</span> <span class='ocrx_word' id='word_1_318' title='bbox 1371 3943 1425 3984; x_wconf 81' lang='lat' dir='ltr'>ex-</span> 
     </span>
     <span class='ocr_line' id='line_1_40' title="bbox 243 4011 1426 4095; baseline -0.003 -19"><span class='ocrx_word' id='word_1_319' title='bbox 243 4014 413 4095; x_wconf 89' lang='lat' dir='ltr'>primatur.</span> <span class='ocrx_word' id='word_1_320' title='bbox 456 4011 659 4077; x_wconf 75' lang='lat' dir='ltr'>Concessum.</span> <span class='ocrx_word' id='word_1_321' title='bbox 695 4015 863 4078; x_wconf 86' lang='lat' dir='ltr'>Johannes</span> <span class='ocrx_word' id='word_1_322' title='bbox 899 4015 1114 4078; x_wconf 85' lang='lat' dir='ltr'>Zamorensis.</span> <span class='ocrx_word' id='word_1_323' title='bbox 1156 4013 1283 4077; x_wconf 89' lang='lat' dir='ltr'>Datum</span> <span class='ocrx_word' id='word_1_324' title='bbox 1322 4013 1426 4075; x_wconf 87' lang='lat' dir='ltr'>Rome</span> 
     </span>
     <span class='ocr_line' id='line_1_41' title="bbox 243 4102 1372 4187; baseline -0.002 -21"><span class='ocrx_word' id='word_1_325' title='bbox 243 4103 329 4186; x_wconf 85' lang='lat' dir='ltr'>apud</span> <span class='ocrx_word' id='word_1_326' title='bbox 353 4109 503 4167; x_wconf 88' lang='lat' dir='ltr'>sanctum</span> <span class='ocrx_word' id='word_1_327' title='bbox 526 4103 664 4166; x_wconf 91' lang='lat' dir='ltr'>Petrum</span> <span class='ocrx_word' id='word_1_328' title='bbox 688 4104 844 4168; x_wconf 85' lang='lat' dir='ltr'>kalendas</span> <span class='ocrx_word' id='word_1_329' title='bbox 867 4103 1015 4187; x_wconf 83' lang='lat' dir='ltr'>Augusti</span> <span class='ocrx_word' id='word_1_330' title='bbox 1038 4125 1122 4168; x_wconf 91' lang='lat' dir='ltr'>anno</span> <span class='ocrx_word' id='word_1_331' title='bbox 1148 4102 1372 4167; x_wconf 89' lang='lat' dir='ltr'>sextodecimo.</span> 
     </span>
    </p>
   </div>
   <div class='ocr_carea' id='block_1_3' title="bbox 243 4259 1426 4398">
    <p class='ocr_par' dir='ltr' id='par_1_3' title="bbox 243 4259 1426 4398">
     <span class='ocr_line' id='line_1_42' title="bbox 350 4259 1426 4331; baseline -0.005 -19"><span class='ocrx_word' id='word_1_332' title='bbox 350 4265 386 4318; x_wconf 74' lang='lat' dir='ltr'>&lt;A</span> <span class='ocrx_word' id='word_1_333' title='bbox 399 4259 527 4313; x_wconf 79' lang='lat' dir='ltr'>vatikeni</span> <span class='ocrx_word' id='word_1_334' title='bbox 540 4261 722 4313; x_wconf 76' lang='lat' dir='ltr'>leveltarban.</span> <span class='ocrx_word' id='word_1_335' title='bbox 743 4263 863 4329; x_wconf 85' lang='lat' dir='ltr'>Regesta</span> <span class='ocrx_word' id='word_1_336' title='bbox 877 4261 1119 4330; x_wconf 75' lang='lat' dir='ltr'>supplicationum</span> <span class='ocrx_word' id='word_1_337' title='bbox 1132 4260 1252 4331; x_wconf 82' lang='lat' dir='ltr'>Eugenii</span> <span class='ocrx_word' id='word_1_338' title='bbox 1267 4265 1314 4313; x_wconf 86' lang='lat' dir='ltr'>IV.</span> <span class='ocrx_word' id='word_1_339' title='bbox 1328 4262 1426 4310; x_wconf 82' lang='lat' dir='ltr'>Annus</span> 
     </span>
     <span class='ocr_line' id='line_1_43' title="bbox 243 4331 668 4398; baseline -0.002 -14"><span class='ocrx_word' id='word_1_340' title='bbox 243 4337 316 4386; x_wconf 86' lang='lat' dir='ltr'><strong>XVI.</strong></span> <span class='ocrx_word' id='word_1_341' title='bbox 337 4333 421 4385; x_wconf 85' lang='lat' dir='ltr'>Liber</span> <span class='ocrx_word' id='word_1_342' title='bbox 441 4337 496 4398; x_wconf 82' lang='lat' dir='ltr'>VL,</span> <span class='ocrx_word' id='word_1_343' title='bbox 517 4331 563 4386; x_wconf 85' lang='grc'>161.</span> <span class='ocrx_word' id='word_1_344' title='bbox 586 4333 668 4394; x_wconf 72' lang='grc'>1681.)</span> 
     </span>
    </p>
   </div>
   <div class='ocr_carea' id='block_1_4' title="bbox 0 0 1727 5500">
    <p class='ocr_par' dir='ltr' id='par_1_4' title="bbox 0 0 1727 5500">
     <span class='ocr_line' id='line_1_44' title="bbox 0 0 1727 5500; baseline 0 0"><span class='ocrx_word' id='word_1_345' title='bbox 0 0 1727 5500; x_wconf 95' lang='lat' dir='ltr'> </span> 
     </span>
    </p>
   </div>
  </div>
 </body>
</html>
