<?xml version="1.0" encoding="UTF-8"?>
<!DOCTYPE html PUBLIC "-//W3C//DTD XHTML 1.0 Transitional//EN"
    "http://www.w3.org/TR/xhtml1/DTD/xhtml1-transitional.dtd">
<html xmlns="http://www.w3.org/1999/xhtml" xml:lang="en" lang="en">
 <head>
  <title>
</title>
<meta http-equiv="Content-Type" content="text/html;charset=utf-8" />
  <meta name='ocr-system' content='tesseract 3.04.00' />
  <meta name='ocr-capabilities' content='ocr_page ocr_carea ocr_par ocr_line ocrx_word'/>
</head>
<body>
  <div class='ocr_page' id='page_1' title='image "./oklevltramagyar00frakgoog_0080.png"; bbox 0 0 3454 5492; ppageno 0'>
   <div class='ocr_carea' id='block_1_1' title="bbox 442 402 1399 462">
    <p class='ocr_par' dir='ltr' id='par_1_1' title="bbox 442 402 1399 462">
     <span class='ocr_line' id='line_1_1' title="bbox 442 402 1399 462; baseline 0 0"><span class='ocrx_word' id='word_1_1' title='bbox 442 424 461 462; x_wconf 76' lang='lat' dir='ltr'>a</span> <span class='ocrx_word' id='word_1_2' title='bbox 484 423 606 462; x_wconf 71' lang='lat' dir='ltr'>uacuae</span> <span class='ocrx_word' id='word_1_3' title='bbox 630 423 689 462; x_wconf 82' lang='lat' dir='ltr'>uin.</span> <span class='ocrx_word' id='word_1_4' title='bbox 714 423 843 462; x_wconf 77' lang='lat' dir='ltr'>unorum</span> <span class='ocrx_word' id='word_1_5' title='bbox 866 422 920 462; x_wconf 84' lang='lat' dir='ltr'>roe</span> <span class='ocrx_word' id='word_1_6' title='bbox 942 410 1169 462; x_wconf 79' lang='lat' dir='ltr'>ubertuurturz.</span> <span class='ocrx_word' id='word_1_7' title='bbox 1356 402 1399 462; x_wconf 81' lang='lat'>43</span> 
     </span>
    </p>
   </div>
   <div class='ocr_carea' id='block_1_2' title="bbox 217 597 1402 1470">
    <p class='ocr_par' dir='ltr' id='par_1_2' title="bbox 217 597 1402 1308">
     <span class='ocr_line' id='line_1_2' title="bbox 218 597 1399 680; baseline 0 -18"><span class='ocrx_word' id='word_1_8' title='bbox 218 600 383 678; x_wconf 90' lang='lat' dir='ltr'>dicuntur,</span> <span class='ocrx_word' id='word_1_9' title='bbox 408 597 465 680; x_wconf 92' lang='lat' dir='ltr'>qui</span> <span class='ocrx_word' id='word_1_10' title='bbox 490 597 775 663; x_wconf 79' lang='lat' dir='ltr'>archidiaconatus</span> <span class='ocrx_word' id='word_1_11' title='bbox 794 603 929 662; x_wconf 89' lang='lat' dir='ltr'>curatus</span> <span class='ocrx_word' id='word_1_12' title='bbox 953 603 987 662; x_wconf 91' lang='lat' dir='ltr'>et</span> <span class='ocrx_word' id='word_1_13' title='bbox 1010 597 1153 680; x_wconf 81' lang='lat' dir='ltr'>dignitas</span> <span class='ocrx_word' id='word_1_14' title='bbox 1177 617 1244 661; x_wconf 90' lang='lat' dir='ltr'>esse</span> <span class='ocrx_word' id='word_1_15' title='bbox 1268 598 1399 678; x_wconf 83' lang='lat' dir='ltr'>dicitur,</span> 
     </span>
     <span class='ocr_line' id='line_1_3' title="bbox 219 688 1401 770; baseline 0 -18"><span class='ocrx_word' id='word_1_16' title='bbox 219 711 358 770; x_wconf 91' lang='lat' dir='ltr'>quorum</span> <span class='ocrx_word' id='word_1_17' title='bbox 390 688 541 752; x_wconf 83' lang='lat' dir='ltr'>videlicet</span> <span class='ocrx_word' id='word_1_18' title='bbox 575 688 861 752; x_wconf 79' lang='lat' dir='ltr'>archidiaconatus</span> <span class='ocrx_word' id='word_1_19' title='bbox 886 688 1109 769; x_wconf 87' lang='lat' dir='ltr'>quadraginta</span> <span class='ocrx_word' id='word_1_20' title='bbox 1134 693 1166 751; x_wconf 92' lang='lat' dir='ltr'>et</span> <span class='ocrx_word' id='word_1_21' title='bbox 1190 688 1401 752; x_wconf 86' lang='lat' dir='ltr'>canonicatus</span> 
     </span>
     <span class='ocr_line' id='line_1_4' title="bbox 218 777 1401 860; baseline -0.002 -18"><span class='ocrx_word' id='word_1_22' title='bbox 218 787 251 842; x_wconf 89' lang='lat' dir='ltr'>et</span> <span class='ocrx_word' id='word_1_23' title='bbox 273 779 437 860; x_wconf 91' lang='lat' dir='ltr'>prebende</span> <span class='ocrx_word' id='word_1_24' title='bbox 461 777 647 842; x_wconf 89' lang='lat' dir='ltr'>huiusmodi</span> <span class='ocrx_word' id='word_1_25' title='bbox 673 777 844 842; x_wconf 84' lang='lat' dir='ltr'>duodecim</span> <span class='ocrx_word' id='word_1_26' title='bbox 875 777 1037 842; x_wconf 92' lang='lat' dir='ltr'>librarum</span> <span class='ocrx_word' id='word_1_27' title='bbox 1062 777 1302 841; x_wconf 80' lang='lat' dir='ltr'>Turonensium</span> <span class='ocrx_word' id='word_1_28' title='bbox 1326 799 1401 860; x_wconf 92' lang='lat' dir='ltr'>par-</span> 
     </span>
     <span class='ocr_line' id='line_1_5' title="bbox 218 867 1399 950; baseline 0.001 -20"><span class='ocrx_word' id='word_1_29' title='bbox 218 889 332 932; x_wconf 89' lang='lat' dir='ltr'>varum</span> <span class='ocrx_word' id='word_1_30' title='bbox 357 917 363 930; x_wconf 95' lang='lat'>.</span> <span class='ocrx_word' id='word_1_31' title='bbox 388 917 393 931; x_wconf 95' lang='lat'><em>.</em></span> <span class='ocrx_word' id='word_1_32' title='bbox 420 916 427 930; x_wconf 94' lang='lat'>.</span> <span class='ocrx_word' id='word_1_33' title='bbox 451 869 592 932; x_wconf 90' lang='lat' dir='ltr'>valorem</span> <span class='ocrx_word' id='word_1_34' title='bbox 617 888 765 930; x_wconf 90' lang='lat' dir='ltr'>aunuum</span> <span class='ocrx_word' id='word_1_35' title='bbox 789 887 852 929; x_wconf 91' lang='lat' dir='ltr'>non</span> <span class='ocrx_word' id='word_1_36' title='bbox 878 867 1070 930; x_wconf 85' lang='lat' dir='ltr'>excedunt.</span> <span class='ocrx_word' id='word_1_37' title='bbox 1095 915 1101 929; x_wconf 92' lang='lat'>.</span> <span class='ocrx_word' id='word_1_38' title='bbox 1126 915 1133 930; x_wconf 90' lang='lat'><strong>.</strong></span> <span class='ocrx_word' id='word_1_39' title='bbox 1158 867 1198 929; x_wconf 93' lang='lat' dir='ltr'>de</span> <span class='ocrx_word' id='word_1_40' title='bbox 1222 887 1303 931; x_wconf 90' lang='lat' dir='ltr'>novo</span> <span class='ocrx_word' id='word_1_41' title='bbox 1326 889 1399 950; x_wconf 90' lang='lat' dir='ltr'>pro-</span> 
     </span>
     <span class='ocr_line' id='line_1_6' title="bbox 217 955 1400 1040; baseline 0.002 -22"><span class='ocrx_word' id='word_1_42' title='bbox 217 958 364 1022; x_wconf 83' lang='lat' dir='ltr'>videmus</span> <span class='ocrx_word' id='word_1_43' title='bbox 388 979 443 1021; x_wconf 88' lang='lat' dir='ltr'>seu</span> <span class='ocrx_word' id='word_1_44' title='bbox 469 957 633 1040; x_wconf 85' lang='lat' dir='ltr'>provideri</span> <span class='ocrx_word' id='word_1_45' title='bbox 667 955 860 1020; x_wconf 87' lang='lat' dir='ltr'>mandamus</span> <span class='ocrx_word' id='word_1_46' title='bbox 885 957 924 1020; x_wconf 91' lang='lat' dir='ltr'>de</span> <span class='ocrx_word' id='word_1_47' title='bbox 948 958 1057 1039; x_wconf 89' lang='lat' dir='ltr'>gratia</span> <span class='ocrx_word' id='word_1_48' title='bbox 1080 955 1213 1039; x_wconf 89' lang='lat' dir='ltr'>speciali</span> <span class='ocrx_word' id='word_1_49' title='bbox 1236 957 1270 1019; x_wconf 91' lang='lat' dir='ltr'>in</span> <span class='ocrx_word' id='word_1_50' title='bbox 1294 957 1400 1020; x_wconf 81' lang='lat' dir='ltr'>forma</span> 
     </span>
     <span class='ocr_line' id='line_1_7' title="bbox 217 1045 1400 1128; baseline -0.002 -18"><span class='ocrx_word' id='word_1_51' title='bbox 217 1068 297 1110; x_wconf 87' lang='lat' dir='ltr'>nove</span> <span class='ocrx_word' id='word_1_52' title='bbox 321 1053 380 1110; x_wconf 91' lang='lat' dir='ltr'>aut</span> <span class='ocrx_word' id='word_1_53' title='bbox 404 1048 540 1112; x_wconf 90' lang='lat' dir='ltr'>alterius</span> <span class='ocrx_word' id='word_1_54' title='bbox 565 1047 787 1128; x_wconf 87' lang='lat' dir='ltr'>cuiuscunque</span> <span class='ocrx_word' id='word_1_55' title='bbox 810 1047 916 1110; x_wconf 85' lang='lat' dir='ltr'>valide</span> <span class='ocrx_word' id='word_1_56' title='bbox 939 1047 1132 1128; x_wconf 86' lang='lat' dir='ltr'>provisionis</span> <span class='ocrx_word' id='word_1_57' title='bbox 1155 1094 1162 1108; x_wconf 93' lang='lat'><strong>.</strong></span> <span class='ocrx_word' id='word_1_58' title='bbox 1187 1095 1193 1109; x_wconf 94' lang='lat'>.</span> <span class='ocrx_word' id='word_1_59' title='bbox 1218 1093 1225 1108; x_wconf 88' lang='lat'><strong><em>.</em></strong></span> <span class='ocrx_word' id='word_1_60' title='bbox 1258 1045 1338 1110; x_wconf 84' lang='lat' dir='ltr'>Fiat</span> <span class='ocrx_word' id='word_1_61' title='bbox 1362 1053 1400 1108; x_wconf 91' lang='lat' dir='ltr'>ut</span> 
     </span>
     <span class='ocr_line' id='line_1_8' title="bbox 217 1135 1402 1218; baseline -0.001 -18"><span class='ocrx_word' id='word_1_62' title='bbox 217 1137 343 1218; x_wconf 90' lang='lat' dir='ltr'>petitur</span> <span class='ocrx_word' id='word_1_63' title='bbox 367 1138 404 1200; x_wconf 84' lang='grc' dir='ltr'>Ε.</span> <span class='ocrx_word' id='word_1_64' title='bbox 444 1138 490 1200; x_wconf 82' lang='lat' dir='ltr'>Et</span> <span class='ocrx_word' id='word_1_65' title='bbox 514 1157 588 1199; x_wconf 92' lang='lat' dir='ltr'>cum</span> <span class='ocrx_word' id='word_1_66' title='bbox 611 1136 816 1200; x_wconf 86' lang='lat' dir='ltr'>absolutione</span> <span class='ocrx_word' id='word_1_67' title='bbox 838 1136 879 1200; x_wconf 92' lang='lat' dir='ltr'>ab</span> <span class='ocrx_word' id='word_1_68' title='bbox 905 1135 1247 1200; x_wconf 83' lang='lat' dir='ltr'>excommunicationis</span> <span class='ocrx_word' id='word_1_69' title='bbox 1271 1142 1304 1200; x_wconf 89' lang='lat' dir='ltr'>et</span> <span class='ocrx_word' id='word_1_70' title='bbox 1327 1135 1402 1199; x_wconf 86' lang='lat' dir='ltr'>aliis</span> 
     </span>
     <span class='ocr_line' id='line_1_9' title="bbox 218 1223 1223 1308; baseline -0.002 -18"><span class='ocrx_word' id='word_1_71' title='bbox 218 1225 388 1290; x_wconf 83' lang='lat' dir='ltr'>sententiis</span> <span class='ocrx_word' id='word_1_72' title='bbox 414 1227 521 1308; x_wconf 91' lang='lat' dir='ltr'>quoad</span> <span class='ocrx_word' id='word_1_73' title='bbox 544 1223 697 1289; x_wconf 87' lang='lat' dir='ltr'>effectum</span> <span class='ocrx_word' id='word_1_74' title='bbox 720 1225 907 1290; x_wconf 88' lang='lat' dir='ltr'>huiusmodi</span> <span class='ocrx_word' id='word_1_75' title='bbox 931 1232 990 1289; x_wconf 91' lang='lat' dir='ltr'>eto.</span> <span class='ocrx_word' id='word_1_76' title='bbox 1016 1265 1056 1272; x_wconf 89' lang='lat'><strong>—</strong></span> <span class='ocrx_word' id='word_1_77' title='bbox 1082 1225 1162 1290; x_wconf 87' lang='lat' dir='ltr'>Fiat</span> <span class='ocrx_word' id='word_1_78' title='bbox 1185 1225 1223 1288; x_wconf 83' lang='lat' dir='ltr'>E.</span> 
     </span>
    </p>

    <p class='ocr_par' dir='ltr' id='par_1_3' title="bbox 218 1315 1401 1470">
     <span class='ocr_line' id='line_1_10' title="bbox 325 1315 1401 1398; baseline -0.001 -19"><span class='ocrx_word' id='word_1_79' title='bbox 325 1315 452 1380; x_wconf 91' lang='lat' dir='ltr'>Datum</span> <span class='ocrx_word' id='word_1_80' title='bbox 484 1315 586 1379; x_wconf 83' lang='lat' dir='ltr'>Rome</span> <span class='ocrx_word' id='word_1_81' title='bbox 620 1315 709 1398; x_wconf 86' lang='lat' dir='ltr'>apud</span> <span class='ocrx_word' id='word_1_82' title='bbox 741 1321 890 1380; x_wconf 89' lang='lat' dir='ltr'>sanctum</span> <span class='ocrx_word' id='word_1_83' title='bbox 923 1315 1062 1380; x_wconf 89' lang='lat' dir='ltr'>Petrum</span> <span class='ocrx_word' id='word_1_84' title='bbox 1096 1317 1211 1398; x_wconf 90' lang='lat' dir='ltr'>quinto</span> <span class='ocrx_word' id='word_1_85' title='bbox 1244 1315 1401 1378; x_wconf 86' lang='lat' dir='ltr'>kalendas</span> 
     </span>
     <span class='ocr_line' id='line_1_11' title="bbox 218 1405 556 1470; baseline 0 -2"><span class='ocrx_word' id='word_1_86' title='bbox 218 1405 243 1468; x_wconf 86' lang='lat' dir='ltr'><strong>J</strong></span> <span class='ocrx_word' id='word_1_87' title='bbox 246 1407 313 1469; x_wconf 89' lang='lat' dir='ltr'>unii</span> <span class='ocrx_word' id='word_1_88' title='bbox 338 1427 424 1470; x_wconf 89' lang='lat' dir='ltr'>anno</span> <span class='ocrx_word' id='word_1_89' title='bbox 448 1405 556 1469; x_wconf 90' lang='lat' dir='ltr'>tertio.</span> 
     </span>
    </p>
   </div>
   <div class='ocr_carea' id='block_1_3' title="bbox 325 1541 1402 1611">
    <p class='ocr_par' dir='ltr' id='par_1_4' title="bbox 325 1541 1402 1611">
     <span class='ocr_line' id='line_1_12' title="bbox 325 1541 1402 1611; baseline 0.001 -15"><span class='ocrx_word' id='word_1_90' title='bbox 325 1549 360 1608; x_wconf 90' lang='lat' dir='ltr'>(A</span> <span class='ocrx_word' id='word_1_91' title='bbox 379 1543 506 1596; x_wconf 77' lang='lat' dir='ltr'>vatikani</span> <span class='ocrx_word' id='word_1_92' title='bbox 525 1544 708 1597; x_wconf 78' lang='lat' dir='ltr'>leveltarban.</span> <span class='ocrx_word' id='word_1_93' title='bbox 738 1541 960 1611; x_wconf 70' lang='lat' dir='ltr'>supplicationes</span> <span class='ocrx_word' id='word_1_94' title='bbox 979 1541 1022 1596; x_wconf 91' lang='lat' dir='ltr'>Pii</span> <span class='ocrx_word' id='word_1_95' title='bbox 1041 1548 1077 1595; x_wconf 93' lang='lat' dir='ltr'>II.</span> <span class='ocrx_word' id='word_1_96' title='bbox 1096 1544 1157 1597; x_wconf 88' lang='lat' dir='ltr'>Vol.</span> <span class='ocrx_word' id='word_1_97' title='bbox 1179 1552 1247 1610; x_wconf 80' lang='lat'>771,</span> <span class='ocrx_word' id='word_1_98' title='bbox 1267 1541 1315 1597; x_wconf 89' lang='lat' dir='ltr'>fol.</span> <span class='ocrx_word' id='word_1_99' title='bbox 1335 1545 1402 1608; x_wconf 61' lang='lat' dir='ltr'>48t)</span> 
     </span>
    </p>
   </div>
   <div class='ocr_carea' id='block_1_4' title="bbox 663 1783 961 2008">
    <p class='ocr_par' dir='ltr' id='par_1_5' title="bbox 663 1783 961 2008">
     <span class='ocr_line' id='line_1_13' title="bbox 734 1783 889 1850; baseline 0 -4"><span class='ocrx_word' id='word_1_100' title='bbox 734 1783 889 1850; x_wconf 88' lang='lat' dir='ltr'>XXXV.</span> 
     </span>
     <span class='ocr_line' id='line_1_14' title="bbox 663 1926 961 2008; baseline -0.003 -19"><span class='ocrx_word' id='word_1_101' title='bbox 663 1930 757 1989; x_wconf 76' lang='lat'>1462.</span> <span class='ocrx_word' id='word_1_102' title='bbox 781 1926 887 2008; x_wconf 79' lang='lat' dir='ltr'>majus</span> <span class='ocrx_word' id='word_1_103' title='bbox 913 1929 961 1988; x_wconf 78' lang='lat'>24.</span> 
     </span>
    </p>
   </div>
   <div class='ocr_carea' id='block_1_5' title="bbox 219 2067 1401 2242">
    <p class='ocr_par' dir='ltr' id='par_1_6' title="bbox 219 2067 1401 2242">
     <span class='ocr_line' id='line_1_15' title="bbox 219 2067 1401 2152; baseline -0.001 -21"><span class='ocrx_word' id='word_1_104' title='bbox 219 2069 354 2149; x_wconf 77' lang='lat' dir='ltr'>Mdtpcts</span> <span class='ocrx_word' id='word_1_105' title='bbox 387 2068 499 2150; x_wconf 68' lang='lat' dir='ltr'>utroq</span> <span class='ocrx_word' id='word_1_106' title='bbox 532 2090 552 2133; x_wconf 86' lang='lat' dir='ltr'>o</span> <span class='ocrx_word' id='word_1_107' title='bbox 584 2069 717 2152; x_wconf 68' lang='lat' dir='ltr'>euprobi</span> <span class='ocrx_word' id='word_1_108' title='bbox 751 2070 912 2150; x_wconf 71' lang='lat' dir='ltr'>triptolemi</span> <span class='ocrx_word' id='word_1_109' title='bbox 939 2069 1232 2150; x_wconf 80' lang='lat' dir='ltr'>juoodolmoiruu</span> <span class='ocrx_word' id='word_1_110' title='bbox 1263 2067 1401 2150; x_wconf 72' lang='lat' dir='ltr'>deppam</span> 
     </span>
     <span class='ocr_line' id='line_1_16' title="bbox 364 2157 1256 2242; baseline 0 -22"><span class='ocrx_word' id='word_1_111' title='bbox 364 2158 452 2241; x_wconf 75' lang='lat' dir='ltr'>jopot</span> <span class='ocrx_word' id='word_1_112' title='bbox 478 2157 567 2221; x_wconf 68' lang='lat' dir='ltr'>Vite‘a</span> <span class='ocrx_word' id='word_1_113' title='bbox 585 2159 692 2222; x_wconf 80' lang='lat' dir='ltr'>Jaoos</span> <span class='ocrx_word' id='word_1_114' title='bbox 716 2159 835 2223; x_wconf 79' lang='lat' dir='ltr'>uctredi</span> <span class='ocrx_word' id='word_1_115' title='bbox 854 2159 1051 2239; x_wconf 76' lang='lat' dir='ltr'>ptispdlcoeb</span> <span class='ocrx_word' id='word_1_116' title='bbox 1075 2158 1190 2242; x_wconf 78' lang='lat' dir='ltr'>eopeda&#39;</span> <span class='ocrx_word' id='word_1_117' title='bbox 1214 2161 1256 2221; x_wconf 76' lang='lat' dir='ltr'>cit.</span> 
     </span>
    </p>
   </div>
   <div class='ocr_carea' id='block_1_6' title="bbox 217 2301 1404 4629">
    <p class='ocr_par' dir='ltr' id='par_1_7' title="bbox 217 2301 1404 4629">
     <span class='ocr_line' id='line_1_17' title="bbox 325 2301 1402 2384; baseline 0.001 -19"><span class='ocrx_word' id='word_1_118' title='bbox 325 2302 472 2366; x_wconf 89' lang='lat' dir='ltr'>Mathias</span> <span class='ocrx_word' id='word_1_119' title='bbox 505 2301 569 2365; x_wconf 91' lang='lat' dir='ltr'>Dei</span> <span class='ocrx_word' id='word_1_120' title='bbox 602 2303 713 2384; x_wconf 86' lang='lat' dir='ltr'>gracia</span> <span class='ocrx_word' id='word_1_121' title='bbox 744 2324 802 2366; x_wconf 87' lang='lat' dir='ltr'>rex</span> <span class='ocrx_word' id='word_1_122' title='bbox 834 2302 1016 2384; x_wconf 88' lang='lat' dir='ltr'>Hungarie,</span> <span class='ocrx_word' id='word_1_123' title='bbox 1050 2302 1227 2382; x_wconf 88' lang='lat' dir='ltr'>Dalmacic‚</span> <span class='ocrx_word' id='word_1_124' title='bbox 1266 2302 1402 2368; x_wconf 86' lang='lat' dir='ltr'>Oroacie</span> 
     </span>
     <span class='ocr_line' id='line_1_18' title="bbox 218 2391 1402 2474; baseline 0.003 -21"><span class='ocrx_word' id='word_1_125' title='bbox 218 2397 278 2454; x_wconf 90' lang='lat' dir='ltr'>eto.</span> <span class='ocrx_word' id='word_1_126' title='bbox 302 2391 474 2455; x_wconf 84' lang='lat' dir='ltr'>Fidelibus</span> <span class='ocrx_word' id='word_1_127' title='bbox 499 2392 619 2456; x_wconf 86' lang='lat' dir='ltr'>nostris</span> <span class='ocrx_word' id='word_1_128' title='bbox 644 2391 826 2456; x_wconf 89' lang='lat' dir='ltr'>honorabili</span> <span class='ocrx_word' id='word_1_129' title='bbox 850 2393 995 2474; x_wconf 90' lang='lat' dir='ltr'>capitulo</span> <span class='ocrx_word' id='word_1_130' title='bbox 1019 2393 1152 2456; x_wconf 89' lang='lat' dir='ltr'>ecclesie</span> <span class='ocrx_word' id='word_1_131' title='bbox 1168 2391 1402 2474; x_wconf 87' lang='lat' dir='ltr'>Zagrabiensis</span> 
     </span>
     <span class='ocr_line' id='line_1_19' title="bbox 217 2479 1401 2565; baseline 0.002 -22"><span class='ocrx_word' id='word_1_132' title='bbox 217 2481 357 2544; x_wconf 84' lang='lat' dir='ltr'>salutem</span> <span class='ocrx_word' id='word_1_133' title='bbox 382 2489 415 2544; x_wconf 89' lang='lat' dir='ltr'>et</span> <span class='ocrx_word' id='word_1_134' title='bbox 439 2483 591 2564; x_wconf 89' lang='lat' dir='ltr'>graciam.</span> <span class='ocrx_word' id='word_1_135' title='bbox 621 2479 928 2546; x_wconf 82' lang='lat' dir='ltr'>Animadvertimus</span> <span class='ocrx_word' id='word_1_136' title='bbox 952 2483 1038 2546; x_wconf 89' lang='lat' dir='ltr'>inter</span> <span class='ocrx_word' id='word_1_137' title='bbox 1062 2482 1254 2547; x_wconf 88' lang='lat' dir='ltr'>diuturnam</span> <span class='ocrx_word' id='word_1_138' title='bbox 1277 2504 1401 2565; x_wconf 89' lang='lat' dir='ltr'>compe-</span> 
     </span>
     <span class='ocr_line' id='line_1_20' title="bbox 220 2571 1402 2652; baseline 0.003 -19"><span class='ocrx_word' id='word_1_139' title='bbox 220 2571 357 2634; x_wconf 88' lang='lat' dir='ltr'>titorum</span> <span class='ocrx_word' id='word_1_140' title='bbox 382 2573 625 2636; x_wconf 87' lang='lat' dir='ltr'>contencionem</span> <span class='ocrx_word' id='word_1_141' title='bbox 648 2573 767 2636; x_wconf 90' lang='lat' dir='ltr'>multos</span> <span class='ocrx_word' id='word_1_142' title='bbox 791 2592 915 2635; x_wconf 90' lang='lat' dir='ltr'>errores</span> <span class='ocrx_word' id='word_1_143' title='bbox 939 2579 972 2636; x_wconf 89' lang='lat' dir='ltr'>et</span> <span class='ocrx_word' id='word_1_144' title='bbox 996 2573 1150 2652; x_wconf 82' lang='lat' dir='ltr'>delectus,</span> <span class='ocrx_word' id='word_1_145' title='bbox 1167 2579 1238 2635; x_wconf 92' lang='lat' dir='ltr'>tum</span> <span class='ocrx_word' id='word_1_146' title='bbox 1262 2573 1296 2636; x_wconf 90' lang='lat' dir='ltr'>in</span> <span class='ocrx_word' id='word_1_147' title='bbox 1320 2573 1402 2652; x_wconf 88' lang='lat' dir='ltr'>aliis,</span> 
     </span>
     <span class='ocr_line' id='line_1_21' title="bbox 219 2661 1403 2744; baseline 0.003 -22"><span class='ocrx_word' id='word_1_148' title='bbox 219 2667 290 2723; x_wconf 92' lang='lat' dir='ltr'>tum</span> <span class='ocrx_word' id='word_1_149' title='bbox 312 2661 486 2744; x_wconf 85' lang='lat' dir='ltr'>presertim</span> <span class='ocrx_word' id='word_1_150' title='bbox 510 2663 544 2724; x_wconf 92' lang='lat' dir='ltr'>in</span> <span class='ocrx_word' id='word_1_151' title='bbox 568 2661 743 2738; x_wconf 79' lang='lat' dir='ltr'>collacione</span> <span class='ocrx_word' id='word_1_152' title='bbox 767 2661 998 2726; x_wconf 86' lang='lat' dir='ltr'>beneficiorum</span> <span class='ocrx_word' id='word_1_153' title='bbox 1022 2663 1056 2726; x_wconf 89' lang='lat' dir='ltr'>in</span> <span class='ocrx_word' id='word_1_154' title='bbox 1080 2662 1136 2725; x_wconf 90' lang='lat' dir='ltr'>illa</span> <span class='ocrx_word' id='word_1_155' title='bbox 1160 2663 1295 2726; x_wconf 90' lang='lat' dir='ltr'>ecclesia</span> <span class='ocrx_word' id='word_1_156' title='bbox 1319 2684 1403 2726; x_wconf 90' lang='lat' dir='ltr'>com-</span> 
     </span>
     <span class='ocr_line' id='line_1_22' title="bbox 219 2751 1401 2835; baseline 0.003 -23"><span class='ocrx_word' id='word_1_157' title='bbox 219 2751 316 2828; x_wconf 85' lang='lat' dir='ltr'>mitti,</span> <span class='ocrx_word' id='word_1_158' title='bbox 349 2771 387 2814; x_wconf 89' lang='lat' dir='ltr'>ea</span> <span class='ocrx_word' id='word_1_159' title='bbox 410 2751 513 2814; x_wconf 89' lang='lat' dir='ltr'>eciam</span> <span class='ocrx_word' id='word_1_160' title='bbox 537 2751 577 2814; x_wconf 90' lang='lat' dir='ltr'>de</span> <span class='ocrx_word' id='word_1_161' title='bbox 601 2773 706 2832; x_wconf 90' lang='lat' dir='ltr'>causa,</span> <span class='ocrx_word' id='word_1_162' title='bbox 741 2752 827 2833; x_wconf 93' lang='lat' dir='ltr'>quod</span> <span class='ocrx_word' id='word_1_163' title='bbox 856 2752 948 2817; x_wconf 91' lang='lat' dir='ltr'>nobis</span> <span class='ocrx_word' id='word_1_164' title='bbox 971 2774 1028 2833; x_wconf 89' lang='lat' dir='ltr'>per</span> <span class='ocrx_word' id='word_1_165' title='bbox 1052 2773 1104 2816; x_wconf 92' lang='lat' dir='ltr'>eos</span> <span class='ocrx_word' id='word_1_166' title='bbox 1129 2753 1186 2834; x_wconf 93' lang='lat' dir='ltr'>qui</span> <span class='ocrx_word' id='word_1_167' title='bbox 1209 2754 1401 2835; x_wconf 86' lang='lat' dir='ltr'>impetrave-</span> 
     </span>
     <span class='ocr_line' id='line_1_23' title="bbox 220 2840 1401 2925; baseline 0.003 -23"><span class='ocrx_word' id='word_1_168' title='bbox 220 2840 296 2918; x_wconf 87' lang='lat' dir='ltr'>rint,</span> <span class='ocrx_word' id='word_1_169' title='bbox 320 2859 532 2922; x_wconf 91' lang='lat' dir='ltr'>personarum</span> <span class='ocrx_word' id='word_1_170' title='bbox 565 2841 775 2920; x_wconf 75' lang='lat' dir='ltr'>condiciones</span> <span class='ocrx_word' id='word_1_171' title='bbox 808 2842 857 2904; x_wconf 89' lang='lat' dir='ltr'>ita</span> <span class='ocrx_word' id='word_1_172' title='bbox 889 2848 928 2904; x_wconf 92' lang='lat' dir='ltr'>ut</span> <span class='ocrx_word' id='word_1_173' title='bbox 960 2848 1045 2921; x_wconf 91' lang='lat' dir='ltr'>sunt,</span> <span class='ocrx_word' id='word_1_174' title='bbox 1069 2842 1177 2925; x_wconf 90' lang='lat' dir='ltr'>sepius</span> <span class='ocrx_word' id='word_1_175' title='bbox 1202 2863 1265 2906; x_wconf 90' lang='lat' dir='ltr'>non</span> <span class='ocrx_word' id='word_1_176' title='bbox 1294 2843 1401 2906; x_wconf 90' lang='lat' dir='ltr'>notifi-</span> 
     </span>
     <span class='ocr_line' id='line_1_24' title="bbox 219 2930 1402 3014; baseline 0.004 -23"><span class='ocrx_word' id='word_1_177' title='bbox 219 2936 345 3008; x_wconf 81' lang='lat' dir='ltr'>cantur,</span> <span class='ocrx_word' id='word_1_178' title='bbox 370 2951 409 2994; x_wconf 85' lang='lat' dir='ltr'>ex</span> <span class='ocrx_word' id='word_1_179' title='bbox 434 2951 496 3012; x_wconf 91' lang='lat' dir='ltr'>quo</span> <span class='ocrx_word' id='word_1_180' title='bbox 521 2930 712 3012; x_wconf 84' lang='lat' dir='ltr'>frequenter</span> <span class='ocrx_word' id='word_1_181' title='bbox 737 2931 899 3013; x_wconf 89' lang='lat' dir='ltr'>contingit</span> <span class='ocrx_word' id='word_1_182' title='bbox 932 2931 1062 2994; x_wconf 89' lang='lat' dir='ltr'>minime</span> <span class='ocrx_word' id='word_1_183' title='bbox 1095 2932 1226 2995; x_wconf 90' lang='lat' dir='ltr'>idoneos</span> <span class='ocrx_word' id='word_1_184' title='bbox 1249 2938 1282 2994; x_wconf 91' lang='lat' dir='ltr'>et</span> <span class='ocrx_word' id='word_1_185' title='bbox 1305 2933 1402 3014; x_wconf 91' lang='lat' dir='ltr'>plane</span> 
     </span>
     <span class='ocr_line' id='line_1_25' title="bbox 219 3018 1400 3104; baseline 0.004 -23"><span class='ocrx_word' id='word_1_186' title='bbox 219 3019 369 3100; x_wconf 89' lang='lat' dir='ltr'>indignos</span> <span class='ocrx_word' id='word_1_187' title='bbox 401 3020 589 3102; x_wconf 86' lang='lat' dir='ltr'>promoveri.</span> <span class='ocrx_word' id='word_1_188' title='bbox 627 3018 755 3102; x_wconf 77' lang='lat' dir='ltr'>Quibus</span> <span class='ocrx_word' id='word_1_189' title='bbox 789 3021 951 3084; x_wconf 90' lang='lat' dir='ltr'>scandalis</span> <span class='ocrx_word' id='word_1_190' title='bbox 984 3028 1017 3084; x_wconf 94' lang='lat' dir='ltr'>et</span> <span class='ocrx_word' id='word_1_191' title='bbox 1050 3021 1309 3101; x_wconf 88' lang='lat' dir='ltr'>enormitatibus,</span> <span class='ocrx_word' id='word_1_192' title='bbox 1342 3045 1400 3104; x_wconf 91' lang='lat' dir='ltr'>pro</span> 
     </span>
     <span class='ocr_line' id='line_1_26' title="bbox 220 3108 1400 3192; baseline 0.004 -21"><span class='ocrx_word' id='word_1_193' title='bbox 220 3108 330 3172; x_wconf 87' lang='lat' dir='ltr'>debito</span> <span class='ocrx_word' id='word_1_194' title='bbox 355 3116 475 3189; x_wconf 89' lang='lat' dir='ltr'>nostro,</span> <span class='ocrx_word' id='word_1_195' title='bbox 508 3110 677 3192; x_wconf 87' lang='lat' dir='ltr'>providere</span> <span class='ocrx_word' id='word_1_196' title='bbox 701 3116 734 3172; x_wconf 89' lang='lat' dir='ltr'>et</span> <span class='ocrx_word' id='word_1_197' title='bbox 757 3130 927 3174; x_wconf 88' lang='lat' dir='ltr'>occurrere</span> <span class='ocrx_word' id='word_1_198' title='bbox 955 3112 1107 3191; x_wconf 85' lang='lat' dir='ltr'>volentes,</span> <span class='ocrx_word' id='word_1_199' title='bbox 1140 3132 1266 3175; x_wconf 91' lang='lat' dir='ltr'>omnem</span> <span class='ocrx_word' id='word_1_200' title='bbox 1290 3119 1400 3176; x_wconf 90' lang='lat' dir='ltr'>auoto-</span> 
     </span>
     <span class='ocr_line' id='line_1_27' title="bbox 220 3199 1402 3282; baseline 0.004 -22"><span class='ocrx_word' id='word_1_201' title='bbox 220 3199 353 3263; x_wconf 89' lang='lat' dir='ltr'>ritatem</span> <span class='ocrx_word' id='word_1_202' title='bbox 378 3200 460 3282; x_wconf 86' lang='lat' dir='ltr'>juris</span> <span class='ocrx_word' id='word_1_203' title='bbox 483 3206 680 3282; x_wconf 90' lang='lat' dir='ltr'>patronatus</span> <span class='ocrx_word' id='word_1_204' title='bbox 704 3199 807 3263; x_wconf 90' lang='lat' dir='ltr'>nostri</span> <span class='ocrx_word' id='word_1_205' title='bbox 841 3200 931 3282; x_wconf 90' lang='lat' dir='ltr'>regii,</span> <span class='ocrx_word' id='word_1_206' title='bbox 964 3201 1051 3282; x_wconf 90' lang='lat' dir='ltr'>quod</span> <span class='ocrx_word' id='word_1_207' title='bbox 1084 3201 1169 3266; x_wconf 90' lang='lat' dir='ltr'>sicut</span> <span class='ocrx_word' id='word_1_208' title='bbox 1193 3201 1226 3264; x_wconf 90' lang='lat' dir='ltr'>iu</span> <span class='ocrx_word' id='word_1_209' title='bbox 1251 3201 1402 3265; x_wconf 89' lang='lat' dir='ltr'>omnibus</span> 
     </span>
     <span class='ocr_line' id='line_1_28' title="bbox 219 3288 1402 3373; baseline 0.003 -23"><span class='ocrx_word' id='word_1_210' title='bbox 219 3288 291 3351; x_wconf 88' lang='lat' dir='ltr'>aliis</span> <span class='ocrx_word' id='word_1_211' title='bbox 316 3289 456 3353; x_wconf 88' lang='lat' dir='ltr'>ecclesiis</span> <span class='ocrx_word' id='word_1_212' title='bbox 477 3289 570 3372; x_wconf 90' lang='lat' dir='ltr'>regni</span> <span class='ocrx_word' id='word_1_213' title='bbox 586 3291 699 3368; x_wconf 89' lang='lat' dir='ltr'>nostri,</span> <span class='ocrx_word' id='word_1_214' title='bbox 716 3289 961 3354; x_wconf 88' lang='lat' dir='ltr'>cathedralibus</span> <span class='ocrx_word' id='word_1_215' title='bbox 976 3291 1148 3372; x_wconf 91' lang='lat' dir='ltr'>presertim</span> <span class='ocrx_word' id='word_1_216' title='bbox 1164 3297 1197 3355; x_wconf 91' lang='lat' dir='ltr'>et</span> <span class='ocrx_word' id='word_1_217' title='bbox 1213 3291 1402 3373; x_wconf 82' lang='lat' dir='ltr'>collegiatis,</span> 
     </span>
     <span class='ocr_line' id='line_1_29' title="bbox 219 3379 1401 3462; baseline 0.003 -21"><span class='ocrx_word' id='word_1_218' title='bbox 219 3379 267 3441; x_wconf 90' lang='lat' dir='ltr'>ita</span> <span class='ocrx_word' id='word_1_219' title='bbox 290 3379 323 3441; x_wconf 92' lang='lat' dir='ltr'>in</span> <span class='ocrx_word' id='word_1_220' title='bbox 348 3379 418 3460; x_wconf 90' lang='lat' dir='ltr'>ipsa</span> <span class='ocrx_word' id='word_1_221' title='bbox 442 3379 576 3443; x_wconf 87' lang='lat' dir='ltr'>ecclesia</span> <span class='ocrx_word' id='word_1_222' title='bbox 599 3379 824 3460; x_wconf 87' lang='lat' dir='ltr'>Zagrabiensi,</span> <span class='ocrx_word' id='word_1_223' title='bbox 853 3400 941 3444; x_wconf 91' lang='lat' dir='ltr'>more</span> <span class='ocrx_word' id='word_1_224' title='bbox 965 3381 1113 3444; x_wconf 89' lang='lat' dir='ltr'>divorum</span> <span class='ocrx_word' id='word_1_225' title='bbox 1138 3381 1401 3462; x_wconf 85' lang='lat' dir='ltr'>predecessorum</span> 
     </span>
     <span class='ocr_line' id='line_1_30' title="bbox 220 3468 1401 3551; baseline 0.004 -22"><span class='ocrx_word' id='word_1_226' title='bbox 220 3475 405 3533; x_wconf 88' lang='lat' dir='ltr'>nostrorum</span> <span class='ocrx_word' id='word_1_227' title='bbox 429 3490 543 3551; x_wconf 90' lang='lat' dir='ltr'>regum</span> <span class='ocrx_word' id='word_1_228' title='bbox 567 3469 750 3550; x_wconf 90' lang='lat' dir='ltr'>Hungarie,</span> <span class='ocrx_word' id='word_1_229' title='bbox 783 3468 903 3534; x_wconf 88' lang='lat' dir='ltr'>habere</span> <span class='ocrx_word' id='word_1_230' title='bbox 931 3470 1137 3550; x_wconf 88' lang='lat' dir='ltr'>dinoscimur,</span> <span class='ocrx_word' id='word_1_231' title='bbox 1170 3470 1258 3534; x_wconf 90' lang='lat' dir='ltr'>fideli</span> <span class='ocrx_word' id='word_1_232' title='bbox 1290 3477 1401 3534; x_wconf 91' lang='lat' dir='ltr'>nostro</span> 
     </span>
     <span class='ocr_line' id='line_1_31' title="bbox 220 3557 1403 3644; baseline 0.002 -24"><span class='ocrx_word' id='word_1_233' title='bbox 220 3557 338 3621; x_wconf 88' lang='lat' dir='ltr'>dilecto</span> <span class='ocrx_word' id='word_1_234' title='bbox 371 3558 546 3622; x_wconf 87' lang='lat' dir='ltr'>reverendo</span> <span class='ocrx_word' id='word_1_235' title='bbox 579 3559 613 3622; x_wconf 91' lang='lat' dir='ltr'>in</span> <span class='ocrx_word' id='word_1_236' title='bbox 638 3557 769 3624; x_wconf 78' lang='lat' dir='ltr'>Christo</span> <span class='ocrx_word' id='word_1_237' title='bbox 801 3559 890 3640; x_wconf 91' lang='lat' dir='ltr'>patri</span> <span class='ocrx_word' id='word_1_238' title='bbox 923 3560 1052 3623; x_wconf 91' lang='lat' dir='ltr'>domino</span> <span class='ocrx_word' id='word_1_239' title='bbox 1075 3560 1222 3625; x_wconf 80' lang='lat' dir='ltr'>Johanni</span> <span class='ocrx_word' id='word_1_240' title='bbox 1255 3562 1403 3644; x_wconf 89' lang='lat' dir='ltr'>episcopo</span> 
     </span>
     <span class='ocr_line' id='line_1_32' title="bbox 220 3647 1401 3732; baseline 0.004 -23"><span class='ocrx_word' id='word_1_241' title='bbox 220 3648 351 3711; x_wconf 88' lang='lat' dir='ltr'>ecclesie</span> <span class='ocrx_word' id='word_1_242' title='bbox 377 3647 589 3712; x_wconf 89' lang='lat' dir='ltr'>Waradiensi</span> <span class='ocrx_word' id='word_1_243' title='bbox 612 3650 661 3713; x_wconf 89' lang='lat' dir='ltr'>ita</span> <span class='ocrx_word' id='word_1_244' title='bbox 685 3649 833 3712; x_wconf 89' lang='lat' dir='ltr'>dedimus</span> <span class='ocrx_word' id='word_1_245' title='bbox 857 3655 889 3712; x_wconf 90' lang='lat' dir='ltr'>et</span> <span class='ocrx_word' id='word_1_246' title='bbox 914 3651 1141 3730; x_wconf 90' lang='lat' dir='ltr'>concessimus,</span> <span class='ocrx_word' id='word_1_247' title='bbox 1166 3651 1345 3732; x_wconf 88' lang='lat' dir='ltr'>damusque</span> <span class='ocrx_word' id='word_1_248' title='bbox 1369 3658 1401 3714; x_wconf 91' lang='lat' dir='ltr'>et</span> 
     </span>
     <span class='ocr_line' id='line_1_33' title="bbox 221 3738 1402 3822; baseline 0.003 -23"><span class='ocrx_word' id='word_1_249' title='bbox 221 3738 433 3817; x_wconf 89' lang='lat' dir='ltr'>concedimus,</span> <span class='ocrx_word' id='word_1_250' title='bbox 467 3744 505 3800; x_wconf 89' lang='lat' dir='ltr'>ut</span> <span class='ocrx_word' id='word_1_251' title='bbox 529 3739 597 3819; x_wconf 90' lang='lat' dir='ltr'>ipse</span> <span class='ocrx_word' id='word_1_252' title='bbox 622 3760 730 3802; x_wconf 90' lang='lat' dir='ltr'>omnes</span> <span class='ocrx_word' id='word_1_253' title='bbox 755 3739 941 3820; x_wconf 72' lang='lat' dir='ltr'>dignitates</span> <span class='ocrx_word' id='word_1_254' title='bbox 974 3746 1167 3822; x_wconf 91' lang='lat' dir='ltr'>personatus</span> <span class='ocrx_word' id='word_1_255' title='bbox 1191 3747 1223 3803; x_wconf 90' lang='lat' dir='ltr'>et</span> <span class='ocrx_word' id='word_1_256' title='bbox 1249 3761 1402 3822; x_wconf 88' lang='lat' dir='ltr'>quecum-</span> 
     </span>
     <span class='ocr_line' id='line_1_34' title="bbox 221 3827 1402 3911; baseline 0.003 -22"><span class='ocrx_word' id='word_1_257' title='bbox 221 3847 283 3908; x_wconf 89' lang='lat' dir='ltr'>que</span> <span class='ocrx_word' id='word_1_258' title='bbox 302 3827 410 3891; x_wconf 87' lang='lat' dir='ltr'>officia</span> <span class='ocrx_word' id='word_1_259' title='bbox 435 3834 467 3890; x_wconf 90' lang='lat' dir='ltr'>et</span> <span class='ocrx_word' id='word_1_260' title='bbox 491 3828 647 3891; x_wconf 88' lang='lat' dir='ltr'>beneficia</span> <span class='ocrx_word' id='word_1_261' title='bbox 671 3829 897 3907; x_wconf 88' lang='lat' dir='ltr'>ecclesiastica,</span> <span class='ocrx_word' id='word_1_262' title='bbox 913 3830 1029 3894; x_wconf 88' lang='lat' dir='ltr'>amodo</span> <span class='ocrx_word' id='word_1_263' title='bbox 1053 3830 1203 3911; x_wconf 88' lang='lat' dir='ltr'>deinceps</span> <span class='ocrx_word' id='word_1_264' title='bbox 1222 3830 1256 3892; x_wconf 94' lang='lat' dir='ltr'>in</span> <span class='ocrx_word' id='word_1_265' title='bbox 1272 3830 1402 3911; x_wconf 86' lang='lat' dir='ltr'>prefata</span> 
     </span>
     <span class='ocr_line' id='line_1_35' title="bbox 221 3917 1403 4001; baseline 0.003 -22"><span class='ocrx_word' id='word_1_266' title='bbox 221 3917 354 3980; x_wconf 90' lang='lat' dir='ltr'>ecclesia</span> <span class='ocrx_word' id='word_1_267' title='bbox 386 3917 600 3996; x_wconf 86' lang='lat' dir='ltr'>Zagrabiensi</span> <span class='ocrx_word' id='word_1_268' title='bbox 634 3918 864 4000; x_wconf 87' lang='lat' dir='ltr'>qualicumque</span> <span class='ocrx_word' id='word_1_269' title='bbox 899 3918 938 3980; x_wconf 92' lang='lat' dir='ltr'>de</span> <span class='ocrx_word' id='word_1_270' title='bbox 970 3919 1042 4001; x_wconf 87' lang='lat' dir='ltr'>jure</span> <span class='ocrx_word' id='word_1_271' title='bbox 1065 3927 1098 3982; x_wconf 91' lang='lat' dir='ltr'>et</span> <span class='ocrx_word' id='word_1_272' title='bbox 1125 3919 1212 3983; x_wconf 88' lang='lat' dir='ltr'>facto</span> <span class='ocrx_word' id='word_1_273' title='bbox 1236 3927 1403 3997; x_wconf 87' lang='lat' dir='ltr'>vacatura,</span> 
     </span>
     <span class='ocr_line' id='line_1_36' title="bbox 220 4007 1401 4092; baseline 0.003 -24"><span class='ocrx_word' id='word_1_274' title='bbox 220 4007 363 4092; x_wconf 73' lang='lat' dir='ltr'>pprsonis</span> <span class='ocrx_word' id='word_1_275' title='bbox 387 4007 509 4070; x_wconf 90' lang='lat' dir='ltr'>idoneis</span> <span class='ocrx_word' id='word_1_276' title='bbox 534 4014 567 4072; x_wconf 90' lang='lat' dir='ltr'>et</span> <span class='ocrx_word' id='word_1_277' title='bbox 591 4008 800 4071; x_wconf 90' lang='lat' dir='ltr'>benemeritis</span> <span class='ocrx_word' id='word_1_278' title='bbox 825 4008 970 4071; x_wconf 86' lang='lat' dir='ltr'>conferre</span> <span class='ocrx_word' id='word_1_279' title='bbox 987 4015 1020 4072; x_wconf 92' lang='lat' dir='ltr'>et</span> <span class='ocrx_word' id='word_1_280' title='bbox 1037 4009 1077 4072; x_wconf 89' lang='lat' dir='ltr'>de</span> <span class='ocrx_word' id='word_1_281' title='bbox 1094 4008 1213 4072; x_wconf 89' lang='lat' dir='ltr'>eisdem</span> <span class='ocrx_word' id='word_1_282' title='bbox 1232 4010 1401 4091; x_wconf 84' lang='lat' dir='ltr'>providere</span> 
     </span>
     <span class='ocr_line' id='line_1_37' title="bbox 220 4096 1401 4180; baseline 0.003 -23"><span class='ocrx_word' id='word_1_283' title='bbox 220 4096 327 4160; x_wconf 82' lang='lat' dir='ltr'>valeat</span> <span class='ocrx_word' id='word_1_284' title='bbox 359 4102 459 4178; x_wconf 88' lang='lat' dir='ltr'>atque</span> <span class='ocrx_word' id='word_1_285' title='bbox 491 4098 592 4179; x_wconf 90' lang='lat' dir='ltr'>possit</span> <span class='ocrx_word' id='word_1_286' title='bbox 624 4097 719 4178; x_wconf 90' lang='lat' dir='ltr'>pleno</span> <span class='ocrx_word' id='word_1_287' title='bbox 751 4098 832 4180; x_wconf 86' lang='lat' dir='ltr'>jure.</span> <span class='ocrx_word' id='word_1_288' title='bbox 867 4098 944 4162; x_wconf 84' lang='lat' dir='ltr'>[deo</span> <span class='ocrx_word' id='word_1_289' title='bbox 978 4097 1132 4162; x_wconf 90' lang='lat' dir='ltr'>fidelitati</span> <span class='ocrx_word' id='word_1_290' title='bbox 1155 4105 1262 4162; x_wconf 89' lang='lat' dir='ltr'>vestre</span> <span class='ocrx_word' id='word_1_291' title='bbox 1285 4099 1401 4162; x_wconf 90' lang='lat' dir='ltr'>harum</span> 
     </span>
     <span class='ocr_line' id='line_1_38' title="bbox 221 4185 1404 4270; baseline 0.002 -22"><span class='ocrx_word' id='word_1_292' title='bbox 221 4187 302 4248; x_wconf 88' lang='lat' dir='ltr'>serie</span> <span class='ocrx_word' id='word_1_293' title='bbox 318 4185 457 4250; x_wconf 86' lang='lat' dir='ltr'>firmiter</span> <span class='ocrx_word' id='word_1_294' title='bbox 472 4187 688 4268; x_wconf 89' lang='lat' dir='ltr'>precipientes</span> <span class='ocrx_word' id='word_1_295' title='bbox 707 4187 908 4266; x_wconf 88' lang='lat' dir='ltr'>mandamus,</span> <span class='ocrx_word' id='word_1_296' title='bbox 936 4194 1098 4270; x_wconf 89' lang='lat' dir='ltr'>quatenus</span> <span class='ocrx_word' id='word_1_297' title='bbox 1123 4189 1238 4252; x_wconf 89' lang='lat' dir='ltr'>amodo</span> <span class='ocrx_word' id='word_1_298' title='bbox 1254 4189 1288 4251; x_wconf 92' lang='lat' dir='ltr'>in</span> <span class='ocrx_word' id='word_1_299' title='bbox 1304 4195 1404 4252; x_wconf 89' lang='lat' dir='ltr'>antea</span> 
     </span>
     <span class='ocr_line' id='line_1_39' title="bbox 220 4275 1402 4359; baseline 0.003 -22"><span class='ocrx_word' id='word_1_300' title='bbox 220 4275 297 4349; x_wconf 74' lang='lat' dir='ltr'>(sir)</span> <span class='ocrx_word' id='word_1_301' title='bbox 328 4277 400 4339; x_wconf 92' lang='lat' dir='ltr'>illos</span> <span class='ocrx_word' id='word_1_302' title='bbox 434 4277 661 4339; x_wconf 88' lang='lat' dir='ltr'>tantummodo</span> <span class='ocrx_word' id='word_1_303' title='bbox 692 4277 734 4340; x_wconf 89' lang='lat' dir='ltr'>ad</span> <span class='ocrx_word' id='word_1_304' title='bbox 768 4277 954 4358; x_wconf 80' lang='lat' dir='ltr'>dignitates</span> <span class='ocrx_word' id='word_1_305' title='bbox 987 4285 1189 4359; x_wconf 89' lang='lat' dir='ltr'>personatus,</span> <span class='ocrx_word' id='word_1_306' title='bbox 1228 4277 1336 4342; x_wconf 87' lang='lat' dir='ltr'>officia</span> <span class='ocrx_word' id='word_1_307' title='bbox 1369 4287 1402 4341; x_wconf 90' lang='lat' dir='ltr'>ct</span> 
     </span>
     <span class='ocr_line' id='line_1_40' title="bbox 220 4364 1404 4450; baseline 0.003 -22"><span class='ocrx_word' id='word_1_308' title='bbox 220 4364 376 4429; x_wconf 89' lang='lat' dir='ltr'>beneficia</span> <span class='ocrx_word' id='word_1_309' title='bbox 409 4372 565 4429; x_wconf 86' lang='lat' dir='ltr'>vacatura</span> <span class='ocrx_word' id='word_1_310' title='bbox 598 4366 781 4446; x_wconf 87' lang='lat' dir='ltr'>admittere,</span> <span class='ocrx_word' id='word_1_311' title='bbox 814 4369 903 4431; x_wconf 88' lang='lat' dir='ltr'>etin</span> <span class='ocrx_word' id='word_1_312' title='bbox 927 4368 1026 4431; x_wconf 89' lang='lat' dir='ltr'>vestri</span> <span class='ocrx_word' id='word_1_313' title='bbox 1059 4368 1201 4432; x_wconf 90' lang='lat' dir='ltr'>medium</span> <span class='ocrx_word' id='word_1_314' title='bbox 1234 4375 1404 4450; x_wconf 90' lang='lat' dir='ltr'>acceptare</span> 
     </span>
     <span class='ocr_line' id='line_1_41' title="bbox 221 4454 1403 4541; baseline 0.003 -25"><span class='ocrx_word' id='word_1_315' title='bbox 221 4454 366 4519; x_wconf 82' lang='lat' dir='ltr'>debeatis</span> <span class='ocrx_word' id='word_1_316' title='bbox 383 4476 420 4518; x_wconf 91' lang='lat' dir='ltr'>ac</span> <span class='ocrx_word' id='word_1_317' title='bbox 437 4455 622 4534; x_wconf 90' lang='lat' dir='ltr'>teneamini,</span> <span class='ocrx_word' id='word_1_318' title='bbox 643 4456 762 4536; x_wconf 87' lang='lat' dir='ltr'>quibus</span> <span class='ocrx_word' id='word_1_319' title='bbox 786 4457 971 4521; x_wconf 90' lang='lat' dir='ltr'>huiusmodi</span> <span class='ocrx_word' id='word_1_320' title='bbox 996 4457 1184 4539; x_wconf 85' lang='lat' dir='ltr'>dignitates,</span> <span class='ocrx_word' id='word_1_321' title='bbox 1200 4463 1403 4541; x_wconf 88' lang='lat' dir='ltr'>personatus,</span> 
     </span>
     <span class='ocr_line' id='line_1_42' title="bbox 220 4543 1404 4629; baseline 0.003 -22"><span class='ocrx_word' id='word_1_322' title='bbox 220 4543 328 4608; x_wconf 83' lang='lat' dir='ltr'>officia</span> <span class='ocrx_word' id='word_1_323' title='bbox 361 4552 393 4608; x_wconf 91' lang='lat' dir='ltr'>et</span> <span class='ocrx_word' id='word_1_324' title='bbox 429 4545 585 4609; x_wconf 88' lang='lat' dir='ltr'>beneficia</span> <span class='ocrx_word' id='word_1_325' title='bbox 625 4545 842 4610; x_wconf 87' lang='lat' dir='ltr'>ecclesiastica</span> <span class='ocrx_word' id='word_1_326' title='bbox 881 4548 1029 4629; x_wconf 84' lang='lat' dir='ltr'>prelatus</span> <span class='ocrx_word' id='word_1_327' title='bbox 1068 4548 1217 4612; x_wconf 88' lang='lat' dir='ltr'>dominus</span> <span class='ocrx_word' id='word_1_328' title='bbox 1256 4547 1404 4611; x_wconf 87' lang='lat' dir='ltr'>Joannes</span> 
     </span>
    </p>
   </div>
   <div class='ocr_carea' id='block_1_7' title="bbox 0 0 1736 5492">
    <p class='ocr_par' dir='ltr' id='par_1_8' title="bbox 0 0 1736 5492">
     <span class='ocr_line' id='line_1_43' title="bbox 0 0 1736 5492; baseline 0 0"><span class='ocrx_word' id='word_1_329' title='bbox 0 0 1736 5492; x_wconf 95' lang='lat' dir='ltr'> </span> 
     </span>
    </p>
   </div>
  </div>
 </body>
</html>
