3454 5492
346 421 388 482 54
581 475 587 486 ,
842 431 1029 484 ounnvrnrla
1060 473 1069 493 ,

346 614 454 679 dinalo
478 615 621 679 eiusdem
647 615 778 680 ecclesie
802 607 1036 697 Strigonicnsis
1060 616 1183 693 ultimo,
1201 637 1283 696 vor0,
1307 615 1470 698 legittimo
1494 621 1529 680 et

346 704 535 770 immediato
558 724 736 786 possessore
760 705 829 768 vita
851 706 994 787 presenti
1019 705 1181 785 defuncto,
1207 707 1241 769 in
1266 728 1381 769 manus
1413 713 1446 770 et
1480 706 1528 768 di-

346 795 555 878 sposicionem
589 801 743 872 nostram,
769 794 945 858 secundum
977 794 1165 859 libertatem
1198 803 1231 860 et
1263 795 1530 860 consvetudinen·

345 885 437 966 regni
461 884 564 947 nostri
587 883 628 949 ab
655 883 791 965 antiquo
815 883 963 948 habitam
988 891 1020 949 et
1044 885 1257 964 observatam,
1289 886 1409 949 existat
1434 885 1528 948 devo-

345 975 433 1037 luta:
467 973 507 1038 ob
532 973 592 1037 hoc
616 994 681 1052 nos,
704 973 871 1056 cupientes
904 974 1044 1038 utilitati
1076 975 1204 1056 prefate
1238 975 1369 1040 ecclesie
1402 972 1527 1055 Strigo-

345 1063 458 1141 niensi,
490 1070 588 1146 prout
621 1063 719 1126 etiam
753 1083 793 1126 ex
825 1063 936 1126 debito
968 1063 1161 1146 obligamur,
1193 1065 1283 1146 regia
1320 1063 1532 1146 providencia

347 1153 522 1226 consulere,
546 1174 586 1216 ne
611 1152 744 1216 ecclesia
766 1153 844 1234 ipsa,
865 1173 927 1234 que
951 1153 985 1216 in
1008 1153 1068 1216 hoe
1092 1175 1190 1236 regno
1215 1160 1325 1218 nostro
1348 1155 1527 1236 primatum

346 1243 481 1322 obtinet,
506 1242 603 1324 longa
627 1241 798 1306 vocacione
821 1243 950 1324 juribus
970 1248 1003 1306 et
1019 1243 1111 1306 bonis
1134 1244 1210 1322 suis,
1234 1244 1327 1308 nobis
1351 1243 1423 1306 aliis
1440 1243 1528 1306 curis

346 1341 378 1396 ct
395 1331 669 1397 sollicitudinibus
692 1332 820 1411 nostris,
842 1333 960 1414 quibus
984 1332 1017 1395 in
1042 1332 1204 1397 diversum
1229 1334 1365 1415 agimur,
1392 1351 1528 1414 occupa-

346 1423 397 1499 tis,
431 1422 650 1500 destituatur3
683 1442 723 1486 ne
746 1429 857 1486 autern
890 1443 956 1501 nos,
989 1422 1044 1503 qui
1077 1423 1227 1486 omnibus
1251 1423 1291 1486 dc
1315 1423 1408 1487 nobis
1432 1422 1527 1484 bene-

347 1511 471 1575 meritis
495 1517 604 1574 nostrc
628 1511 715 1592 regie
741 1511 950 1575 liberalitatis
978 1511 1236 1576 munificenciam
1269 1520 1417 1594 prestare
1441 1510 1529 1574 soliti

346 1623 465 1680 sumus
489 1600 560 1664 illos
585 1621 664 1682 quos
688 1600 758 1664 iure
782 1601 927 1664 naturali
950 1601 1086 1683 diligere
1102 1601 1265 1680 debemus,
1289 1608 1322 1665 et
1338 1623 1418 1684 quos
1435 1601 1529 1665 nobis

346 1690 519 1754 affinitatis
543 1690 658 1772 copula
682 1691 859 1770 coniunxit,
878 1691 992 1770 ¹deesse
1006 1691 1184 1772 videamur,
1208 1712 1266 1773 pro
1290 1712 1326 1754 co
1350 1712 1408 1755 nos
1431 1691 1527 1754 indu-

346 1790 438 1844 cente
462 1779 621 1862 imprimis
644 1779 700 1843 illo
722 1779 851 1843 vinculo
880 1779 1055 1844 affinitatis
1088 1786 1121 1844 et
1153 1780 1411 1861 necessitudinis,
1441 1779 1527 1862 quod

346 1869 438 1933 nobis
455 1890 528 1933 cum
545 1868 763 1934 illustrissimo
780 1869 909 1932 domino
933 1869 1077 1934 Hercule
1101 1871 1182 1934 duce
1195 1870 1351 1934 Ferraria
1374 1892 1431 1953 per
1455 1890 1527 1952 pre-

345 1961 449 2023 fatam
483 1959 645 2022 dominam
680 1959 826 2040 reginam
859 1959 1053 2040 intercessit,
1085 1960 1202 2024 deinde
1225 1981 1299 2024 vero
1331 1960 1470 2023 maxime
1494 1966 1529 2022 et

346 2050 498 2131 precipue
530 2048 572 2112 ad
606 2048 804 2130 singularem
836 2050 1029 2130 peticionem
1063 2050 1206 2114 eiusdem
1239 2050 1368 2112 domine
1407 2050 1528 2130 regine,

346 2140 507 2202 illustrem
540 2138 706 2201 dominum
730 2138 897 2220 Ipolitum,
923 2146 1037 2203 natum
1060 2139 1161 2221 ipsius
1185 2139 1308 2203 domini
1332 2139 1423 2202 ducis
1446 2139 1526 2201 Fer-

346 2229 441 2307 raria,
465 2228 506 2291 ad
530 2228 711 2310 predictam
736 2228 902 2292 ecclesiam
937 2227 1192 2310 Strigonienscm
1225 2229 1433 2310 eiusdemque
1455 2249 1528 2310 pre-

346 2319 499 2397 sulatum,
524 2318 722 2380 auctoritate
738 2319 820 2399 juris
836 2325 1030 2400 patronatus
1047 2321 1149 2383 nostri
1167 2319 1292 2400 regalis,
1313 2319 1400 2400 quod
1423 2318 1528 2380 instar

346 2408 607 2490 predecessorum
632 2413 816 2471 nostrorum
841 2429 954 2489 regum
978 2407 1160 2490 Hungarie,
1184 2409 1281 2472 sicuti
1297 2409 1331 2471 in
1348 2408 1420 2474 aliis
1444 2409 1527 2471 cius-

348 2498 420 2561 dem
444 2497 537 2578 regni
561 2497 663 2561 nostri
695 2497 847 2576 ecclesiis,
878 2497 923 2560 sic
947 2503 980 2560 et
1004 2498 1036 2560 in
1061 2499 1130 2580 ipsa
1155 2499 1288 2562 ecclesia
1312 2496 1528 2578 Strigoniensi

347 2587 512 2665 habemus,
536 2585 689 2649 duximus
723 2586 906 2668 eligendum
931 2595 964 2650 et
987 2588 1229 2667 nominandum,
1257 2589 1355 2650 immo
1379 2587 1530 2669 eligimus

347 2683 379 2740 et
412 2677 624 2754 nominamus,
658 2696 695 2738 ac
726 2677 835 2739 omnia
869 2682 985 2756 castra,
1024 2677 1165 2757 castella,
1204 2679 1361 2756 civitates,
1401 2676 1527 2760 oppida,

347 2767 448 2845 villas,
484 2765 696 2848 possessiones
735 2765 949 2848 universaque
987 2766 1061 2848 jura
1093 2767 1235 2831 eiusdem
1269 2766 1528 2848 possessionaria,

347 2856 443 2919 simul
467 2875 539 2918 curn
565 2855 723 2918 universis
740 2857 806 2919 suis
822 2857 1040 2938 pertinenciis,
1066 2857 1276 2938 proventibus
1296 2863 1328 2919 et
1344 2856 1529 2920 redditibus

346 2947 449 3009 cidem
475 2945 603 3010 domino
628 2945 748 3026 Ipolito
772 2945 928 3024 dedimus,
963 2947 1153 3010 donavimus
1176 2953 1209 3009 et
1233 2947 1437 3025 contulimus,
1471 2947 1528 3010 da-

348 3057 428 3114 mus,
461 3035 682 3115 donamusque
707 3042 738 3098 et
763 3034 967 3114 conferimus,
999 3036 1117 3100 harum
1150 3042 1336 3100 nostrarum
1363 3037 1471 3117 vigore
1495 3042 1528 3099 et

348 3125 532 3188 testimonio
549 3123 736 3187 litterarum
754 3125 925 3189 mediante.
950 3125 1075 3189 Datum
1092 3125 1186 3190 Bude
1201 3127 1308 3208 prima
1324 3125 1376 3188 die
1393 3123 1528 3208 Aprilis,

347 3236 431 3278 anno
470 3213 593 3278 domini
632 3214 800 3277 millesimo
842 3215 1162 3297 quadringentesimo
1201 3216 1394 3296 octogesimo
1428 3222 1527 3294 sexto,

346 3325 521 3386 regnorum
545 3309 731 3366 nostrorum
754 3325 839 3366 anno
863 3305 1036 3387 Hungarie
1060 3311 1119 3368 etc.
1144 3305 1391 3386 vigesimono'no,
1423 3305 1528 3368 Bohe-

347 3395 409 3457 mie
434 3414 508 3456 vero
532 3391 802 3474 decimoseptimo.

453 3517 601 3582 Mathias
624 3538 682 3580 rcx
706 3539 805 3581 manu
827 3519 968 3600 propria.

455 3674 606 3739 (EredetiJ'e
626 3692 642 3726 a
661 3675 790 3728 modenai
810 3675 904 3728 allami
931 3676 1113 3728 leveltarban.
1142 3676 1274 3730 Archivio
1294 3677 1398 3729 Dueale
1418 3678 1529 3729 Secreto

345 3777 382 3790 -
401 3753 468 3800 Casa
485 3779 522 3788 -
541 3747 727 3810 Documenti.)
