3436 5500
300 399 341 456 38
797 405 984 456 oxnrvnnrln

299 592 496 674 placentiam
519 590 721 673 prelatorum
737 596 770 654 et
786 591 947 656 baronum
968 593 1061 672 regni
1077 591 1260 672 Hungarie,
1286 592 1342 672 qui
1360 611 1485 654 summo

301 701 397 763 opere
421 682 455 743 in
478 681 561 744 votis
585 687 713 762 gerunt,
747 687 785 744 ut
808 682 1043 744 monasterium
1066 682 1100 743 in
1123 681 1363 763 preposituram
1395 700 1485 743 secu·

301 771 411 848 larem,
436 769 710 852 quemadmodum
733 790 790 852 per
813 771 905 852 prius
929 776 1008 850 erat,
1028 770 1250 849 reduceretur,
1275 771 1307 832 in
1334 769 1486 833 manibus

303 861 488 926 sanctitatis
521 865 626 924 vestre
659 860 882 943 resignaverit,
907 867 940 924 et
964 880 1072 924 coram
1097 881 1224 923 exnunc
1257 861 1420 941 resignat,
1453 866 1486 922 et

301 956 474 1033 propterea
497 951 664 1032 prioratus
687 970 743 1013 seu
767 951 1000 1013 monasterium
1024 949 1209 1014 huiusmodi
1229 956 1323 1013 vacat
1347 949 1389 1012 ad
1413 969 1486 1031 pre-

302 1060 382 1103 sens.
407 1036 491 1102 Oum
515 1043 625 1102 antem
649 1045 744 1121 pater
767 1045 879 1102 sancte
902 1041 936 1102 in
959 1040 1050 1120 regio
1073 1040 1191 1122 oppido
1214 1038 1369 1117 Budensi,
1398 1037 1486 1118 quod

303 1131 436 1193 diocesis
461 1136 493 1191 et
517 1129 753 1211 jurisdictionis
776 1130 999 1211 predictarum
1024 1131 1153 1209 existat,
1186 1129 1326 1210 quedam
1350 1127 1487 1209 insignis

304 1220 438 1282 ecelesia
461 1219 527 1281 sive
550 1218 675 1301 capella
697 1239 755 1301 per
778 1220 885 1302 ipsum
909 1219 1072 1301 quondam
1107 1217 1353 1306 Sigismundum
1386 1219 1487 1299 impe-

304 1315 447 1372 ratorem
478 1308 619 1371 fundata
652 1315 684 1371 et
717 1313 914 1387 constructa,
947 1309 1111 1390 nullisque
1144 1315 1203 1372 aut
1235 1309 1356 1390 paucis,
1385 1307 1488 1389 ipsius

304 1399 551 1480 superveniente
575 1397 677 1477 obitu,
702 1397 816 1462 dotata
839 1397 1032 1478 redditibus,
1058 1419 1120 1480 que
1144 1399 1180 1477 si,
1203 1404 1301 1480 prout
1326 1397 1488 1479 guberna-

305 1489 377 1567 tori,
410 1487 545 1569 prelatis
578 1493 611 1551 et
643 1487 821 1551 baronibus
845 1488 925 1551 dicti
949 1489 1042 1572 regni
1071 1489 1294 1570 expedientius
1319 1494 1352 1550 et
1376 1507 1487 1550 conve-

305 1578 448 1640 nientius
472 1577 611 1656 videtur,
628 1582 696 1640 tam
720 1578 760 1642 ob
785 1577 944 1641 celebrem
968 1579 1156 1642 memoriam
1179 1578 1299 1660 prefati
1325 1576 1488 1658 quondam

306 1668 520 1749 imperatorie,
554 1687 652 1748 quam
684 1673 818 1749 propter
850 1668 952 1749 ipsius
985 1669 1095 1750 oppidi
1119 1673 1151 1731 et
1175 1669 1263 1750 regie
1287 1665 1372 1731 sedis
1400 1686 1488 1730 reve-

305 1758 446 1820 rentiam
471 1763 503 1820 et
527 1755 688 1834 honorem,
722 1777 794 1820 cum
828 1758 910 1822 inibi
936 1756 1110 1840 Hungarie
1134 1777 1226 1839 reges
1249 1755 1391 1820 residere
1414 1777 1488 1818 con-

307 1853 487 1926 sveverunt,
522 1845 619 1909 titulo
652 1853 686 1909 et
717 1847 872 1910 vocabulo
904 1849 1109 1930 prepositure
1141 1848 1365 1929 insigniretur,
1398 1851 1431 1908 et
1455 1846 1489 1907 in

307 1937 512 2018 collegiatam
536 1936 704 2000 ecclesiam
727 1937 918 2018 erigeretur,
942 1945 975 2001 et
999 1937 1139 2018 denique
1162 1938 1240 2018 ipsa,
1264 1941 1397 2019 propter
1421 1935 1490 1998 eius

307 2027 476 2090 fructuum
511 2027 716 2104 tenuitatem,
756 2045 829 2088 cum
861 2028 1067 2109 prepositura
1100 2027 1194 2091 beate
1227 2026 1417 2107 Margarete
1451 2024 1491 2087 de

308 2116 458 2180 Demesio
483 2116 620 2178 invicem
643 2121 801 2198 perpetuo
825 2117 977 2181 uniretur
993 2123 1025 2180 et
1042 2118 1314 2199 incorporaretur,
1339 2135 1376 2178 ac
1400 2113 1490 2176 futu-

308 2208 352 2270 ris
377 2206 577 2288 temporibus
593 2226 651 2287 per
669 2227 769 2268 unum
792 2208 993 2288 prepositum
1008 2214 1208 2287 regerentur,
1232 2227 1271 2269 ex
1287 2207 1347 2269 hoo
1363 2203 1492 2266 devotio

308 2296 419 2378 populi
443 2295 485 2358 ad
510 2301 684 2376 utramque
717 2294 884 2360 ecclesiam
908 2304 941 2361 et
969 2296 1118 2360 redditus
1150 2296 1281 2359 illarum
1312 2295 1490 2377 plurimum

310 2391 518 2466 augerentur.
553 2383 724 2466 Supplicat
747 2387 868 2448 sanctit
892 2387 917 2449 ti
942 2393 1047 2450 vestre
1075 2387 1284 2467 gubernator,
1316 2383 1434 2466 prelati
1458 2387 1493 2444 et

311 2476 448 2539 barones
481 2475 620 2556 predicti
653 2474 822 2538 humiliter
855 2482 888 2538 et
921 2475 1043 2554 devote,
1076 2482 1238 2557 quatenus
1271 2475 1398 2537 fruetus
1431 2479 1491 2535 etc.

311 2565 484 2645 utriusque
517 2564 648 2627 ecclesie
681 2564 876 2643 huiusmodi,
909 2565 1046 2628 attentis
1078 2563 1250 2629 disturbiis
1272 2565 1410 2647 prefatis
1433 2583 1493 2644 pro

310 2675 460 2735 expresso
499 2652 705 2733 habentibus
744 2655 776 2717 in
811 2655 941 2737 prelata
979 2655 1113 2718 ecclesia
1152 2662 1264 2719 sancte
1303 2655 1494 2734 Margarete

311 2744 433 2807 ordinis
458 2745 562 2807 sancti
586 2742 683 2806 Pauli
708 2751 740 2806 et
763 2745 912 2825 prioratu
936 2744 1122 2808 huiusmodi
1145 2745 1228 2809 inibi
1254 2745 1370 2808 erectis
1403 2743 1495 2824 prius

311 2835 441 2915 penitus
464 2834 644 2915 suppressis
669 2839 701 2896 et
726 2835 886 2913 extinctis
921 2835 1089 2916 ipsamque
1113 2835 1146 2896 in
1171 2835 1349 2898 secularem
1374 2840 1406 2896 et
1430 2831 1494 2895 col·

310 2925 467 3006 legiatam
483 2923 648 2987 ecclesiam
666 2922 828 3002 reducere,
855 2931 888 2986 et
903 2925 1084 3006 predictam
1101 2925 1259 3006 capellam
1275 2925 1369 2988 beate
1386 2922 1495 2984 Maris

312 3013 463 3078 similiter
486 3015 584 3076 titulo
608 3014 812 3096 prepositure
836 3015 994 3096 insignire
1018 3019 1051 3077 et
1075 3015 1108 3076 in
1133 3015 1337 3096 collegiatam
1362 3013 1494 3093 erigere,

312 3124 431 3184 easque
448 3104 493 3166 sic
510 3103 663 3166 reductas
680 3109 713 3166 et
729 3111 854 3168 erectas
878 3126 951 3168 cum
976 3104 1125 3168 omnibus
1149 3125 1259 3168 eorum
1284 3102 1496 3186 proventibus

313 3200 345 3256 et
368 3194 576 3275 pertinentiis
609 3194 745 3257 invicem
778 3201 934 3276 perpetue
968 3195 1069 3273 unire,
1093 3201 1267 3258 annectere
1292 3199 1324 3256 et
1349 3194 1494 3273 incorpo-

313 3305 396 3360 rare,
421 3289 452 3345 et
478 3284 577 3346 etiam
600 3289 758 3365 perpetuo
781 3305 839 3365 per
863 3305 964 3346 unum
989 3284 1190 3366 prepositum
1215 3284 1283 3364 regi
1308 3282 1434 3359 debere,
1458 3300 1495 3344 ac

313 3375 347 3435 in
371 3372 498 3454 prelato
523 3373 618 3436 beate
642 3372 749 3435 Marie
778 3373 913 3436 ecclesia
946 3393 1019 3435 eum
1053 3394 1225 3436 numerum
1259 3372 1495 3447 canonicorum,

313 3463 353 3525 de
387 3484 450 3543 quo
483 3463 654 3525 sanctitati
687 3469 793 3525 vestre
826 3471 885 3525 aut
916 3463 1018 3544 judici
1052 3470 1085 3525 et
1117 3463 1282 3525 executori
1322 3459 1496 3542 superinde

314 3551 501 3634 deputando
525 3552 699 3630 videbitur,
722 3552 818 3633 juxta
841 3552 1008 3616 redituum
1031 3551 1232 3628 facultatem,
1258 3551 1439 3628 instituere,
1464 3555 1497 3612 et

315 3642 524 3705 nihilominus
564 3641 651 3706 dicto
684 3642 737 3718 sic,
772 3647 809 3704 00
841 3642 1056 3723 premittitur,
1095 3641 1246 3722 erigenda
1284 3641 1498 3722 prepositure,

314 3733 441 3795 etiamsi
458 3738 575 3795 curata
591 3737 624 3794 et
641 3731 784 3811 electiva,
795 3739 854 3794 aut
871 3731 910 3795 de
926 3733 999 3812 jure
1014 3737 1208 3812 patronatus
1223 3751 1336 3813 regum
1350 3729 1497 3811 Ungarie

315 3822 466 3901 existant,
490 3843 549 3903 per
573 3821 699 3885 obitum
715 3828 774 3885 aut
788 3823 1042 3903 resignationem
1065 3820 1237 3903 prefatam,
1251 3842 1307 3884 seu
1332 3820 1395 3883 alio
1420 3838 1498 3900 quo-

315 3910 457 3974 vismodo
481 3918 540 3975 aut
565 3931 604 3974 ex
627 3912 765 3974 aliorum
799 3932 1079 3992 quorumcumque
1112 3912 1257 3992 personis
1280 3917 1404 3989 vacent,
1438 3909 1498 3970 hac

315 4002 420 4082 prima
443 4002 512 4066 viee
536 4001 650 4064 devoto
674 4002 860 4064 sanctitatis
884 4000 989 4065 vestre
1013 3999 1180 4082 Stephano
1210 4001 1303 4064 Petri
1337 4000 1376 4062 de
1409 3997 1498 4061 Haz-

315 4111 422 4171 pvvazo
454 4092 607 4154 canonico
640 4090 850 4154 Waradiensi
883 4091 1041 4172 regnique
1073 4090 1193 4172 prefati
1227 4088 1498 4166 vicecancellari0‚

316 4181 416 4242 etiam
440 4181 466 4242 si
490 4181 675 4262 specialiter
698 4180 748 4243 vel
772 4181 969 4261 generaliter
992 4186 1157 4244 reservata
1184 4180 1291 4248 fuerit,
1320 4177 1498 4260 providere,

316 4271 487 4351 ipsumque
512 4268 715 4350 Stephanum
744 4291 764 4332 a
789 4271 1047 4352 quibuscumque
1072 4268 1422 4340 excommunicationis,
1447 4287 1499 4329 su-

317 4360 496 4441 spensionis
521 4366 553 4423 et
577 4361 746 4423 interdicti
779 4361 918 4442 aliisque
951 4361 1096 4424 censuris
1130 4367 1162 4422 et
1196 4360 1286 4440 penis
1311 4358 1423 4438 ajuro
1449 4355 1499 4418 vel

318 4450 358 4513 ab
384 4449 512 4512 homine
536 4449 612 4512 latis
636 4457 669 4512 et
694 4450 813 4532 quibus
836 4450 947 4513 forsan
970 4451 1119 4513 irretitus
1148 4449 1259 4512 existit
1283 4448 1323 4511 ad
1348 4445 1499 4509 effectum

317 4539 518 4620 presentium
552 4541 692 4620 gratiose
726 4540 891 4605 absolvere
924 4541 956 4604 et
990 4539 1219 4616 rehabilitare3
1253 4537 1404 4618 quodque
1428 4539 1501 4618 post
