3458 5500
500 421 519 458 a
542 419 663 458 neoris
686 420 746 460 ma.
769 405 899 460 usurum
922 419 976 458 roo
999 406 1227 458 roardusrtusz.
1391 399 1456 458 ’311

805 681 929 796 cerri.
1014 679 1016 684 ⁵

722 897 816 957 1711.
840 895 959 976 januar
984 898 1011 956 5.

271 1144 467 1224 poplicola
493 1143 667 1208 mactaret
686 1143 871 1226 perpessas
894 1141 1145 1222 feldlle'tcisoiaolc
1163 1141 1407 1224 jovrihapyrisdt
1425 1145 1457 1204 e's

342 1232 582 1298 Hodemorsalri
606 1235 838 1316 mopero'site‘se‘l
862 1253 883 1296 a
906 1236 1051 1312 neverat
1070 1231 1215 1314 pitspo'ki
1238 1231 1407 1318 seditem
1450 1243 1451 1248 ’

381 1393 546 1476 Josephus
569 1392 632 1457 Dei
656 1394 765 1477 gratia
789 1399 849 1456 etc.
1448 1441 1449 1450 ,

379 1483 525 1548 Illustris
548 1482 653 1546 fidelis
677 1483 771 1548 nobis
794 1483 919 1546 sincere
944 1482 1068 1546 dilecte.
1094 1482 1313 1563 Posteaquam
1332 1483 1366 1545 in
1382 1503 1456 1564 par-

273 1572 361 1636 tibus
378 1573 471 1656 regni
495 1573 599 1636 nostri
621 1571 816 1652 Hungariae
832 1572 1061 1654 superioribus,
1076 1571 1109 1635 in
1127 1571 1246 1655 quibus
1263 1571 1457 1635 detestanda

273 1662 429 1726 moderna
452 1661 592 1727 rebellio
610 1683 702 1727 suam
719 1663 857 1743 sumpsit
877 1662 1043 1743 originem,
1068 1683 1169 1743 eaque
1186 1661 1315 1744 vigente
1336 1659 1456 1726 Graeci

272 1753 356 1816 ritus
379 1751 609 1817 Ruthenorum
634 1773 707 1816 oum
730 1757 844 1816 saneta
867 1752 1016 1816 Romana
1041 1751 1175 1816 ecclesia
1199 1751 1366 1814 unitorum
1391 1751 1456 1832 epi÷

273 1862 387 1924 scopus
419 1841 584 1924 Josephus
616 1842 656 1906 de
689 1839 845 1920 Camillis,
876 1841 959 1905 alias
982 1841 1024 1904 ad
1039 1841 1184 1904 titulum
1218 1838 1375 1920 Sebastae
1398 1861 1456 1922 per

272 1931 362 2014 prius
387 1938 604 2010 consecratus,
628 1932 684 1997 sed
708 1953 727 1994 a
750 1931 819 1996 loco
843 1929 1040 1995 residentiae
1063 1936 1178 2014 utpote
1194 1929 1455 1994 Munkacsie'nsis

271 2040 309 2084 ac
329 2019 434 2084 etiam
458 2021 499 2085 ab
523 2020 668 2085 eiusdem
700 2020 896 2084 residentiae
916 2025 952 2107 'et
975 2020 1134 2084 bonorum
1159 2039 1195 2082 eo
1219 2019 1456 2102 pertinentium

270 2109 445 2174 collatione
468 2109 558 2192 regia
581 2131 639 2193 per
663 2111 778 2174 beatae
811 2111 986 2174 memoriae
1019 2109 1186 2173 dominum
1219 2109 1398 2190 genitorem
1422 2117 1455 2174 et

270 2197 549 2281 praedecessorem
572 2202 721 2265 nostrum
746 2200 850 2264 eidem
885 2199 981 2278 facta,
997 2199 1253 2280 ¹subsecutaque
1286 2197 1382 2262 solita
1404 2198 1454 2261 in-

270 2288 477 2354 troductione
493 2295 526 2351 et
553 2289 776 2354 installatione
795 2289 962 2372 episcopus
981 2288 1252 2367 Munkacsiensis,
1276 2309 1335 2350 nec
1358 2287 1455 2351 aliter

271 2379 527 2461 cognominatus
551 2379 628 2443 ante
652 2379 831 2442 triennium
855 2379 986 2442 circiter
1010 2399 1027 2441 e
1052 2377 1132 2442 vivis
1155 2377 1305 2441 sublatus
1330 2377 1453 2456 fuisset,

270 2489 328 2532 nos
351 2469 456 2532 eidem
479 2469 656 2550 populo'in
681 2469 800 2532 unione
824 2468 1042 2532 conservando
1065 2467 1248 2550 prospicere
1276 2467 1452 2548 'cupientes

270 2564 309 2620 ut
332 2557 474 2639 primum
497 2557 569 2621 fieri
592 2559 708 2640 potuit,
741 2558 843 2621 aliurn
876 2564 991 2639 utpote
1013 2557 1177 2622 Joanuem
1205 2555 1454 2638 Hademarsz'lry

269 2647 398 2729 patriae
421 2646 533 2727 filium,
566 2668 604 2710 ac
628 2648 716 2730 apud
740 2647 862 2712 dictam
887 2647 1053 2711 nationem
1078 2652 1248 2729 acceptum
1271 2653 1307 2710 et
1329 2646 1453 2711 demo'r-

270 2737 319 2800 tui
343 2738 484 2819 episcopi
511 2738 677 2816 vicarium,
702 2737 846 2816 eiusdem
869 2734 988 2814 Graeci
1017 2737 1103 2818 ritus
1126 2737 1363 2820 presbyterum,
1383 2743 1454 2798 tum

269 2847 289 2888 a
314 2826 463 2890 doctriua
487 2833 520 2890 et
551 2827 688 2890 caeteris
721 2827 822 2890 animi
855 2827 994 2905 dotibus,
1027 2826 1200 2908 praecipue
1226 2827 1307 2889 'vero
1342 2824 1454 2888 debita

269 2936 347 2997 erga
378 2917 582 2980 maiestatem
615 2923 761 2979 nostram
793 2917 853 2979 sub
878 2916 928 2980 his
952 2915 1149 2980 tumultibus
1175 2914 1355 2978 multifarie
1379 2935 1453 2978 con-

270 3010 391 3069 testata
415 3004 575 3070 fidelitate
599 3005 691 3069 nobis
715 3005 985 3084 commendatum,
1009 3005 1052 3068 ad
1076 3005 1214 3068 eundem
1232 3005 1453 3087 episcopatum

270 3093 367 3158 titulo
400 3093 662 3158 Munlracsiensis
695 3094 898 3176 insignitum,
930 3094 1075 3176 exemplo
1108 3094 1285 3178 praelibati
1315 3093 1452 3158 condam

269 3183 426 3264 genitoris
450 3184 562 3264 nostri,
586 3185 823 3247 nominavimus
845 3191 878 3247 et
901 3184 1128 3266 promovimus,
1144 3190 1178 3248 et
1200 3183 1331 3267 praevia
1355 3183 1452 3247 colla-

269 3273 357 3336 tione
381 3279 492 3338 nostra
515 3274 606 3354 regia
629 3281 828 3360 peractaque
852 3273 1074 3360 installatione
1098 3294 1176 3338 suae
1199 3273 1369 3337 sanctitati
1393 3294 1451 3356 pro

269 3363 495 3445 consequenda
526 3362 770 3427 confirmatione
804 3385 892 3427 more
923 3361 1018 3427 solito
1041 3364 1336 3446 praesentavimus3
1370 3363 1452 3426 nulli

269 3451 459 3526 dubitantes
493 3453 572 3535 quin
605 3473 665 3517 sua
697 3453 854 3520 sanctitas
886 3452 1045 3518 eiusmodi
1076 3453 1372 3535 praesentationem
1395 3474 1451 3516 no-

268 3548 372 3606 stram
403 3549 616 3625 acceptatura
648 3548 681 3606 et
712 3543 899 3625 praefatum
923 3542 948 3606 J
950 3563 1087 3606 oannem
1119 3541 1385 3624 Hedermarszky
1409 3543 1451 3612 ad

269 3632 407 3695 eundem
439 3631 585 3713 titulum,
622 3641 722 3714 prout
753 3632 1013 3715 supponebamus
1051 3633 1181 3696 omnino
1217 3632 1450 3711 canonisatum,

268 3721 311 3784 sit
335 3720 570 3785 confirmatura
593 3728 626 3786 et
650 3722 924 3786 consecrationem
947 3721 1090 3786 eiusdem
1115 3721 1306 3786 admissura.

320 3807 323 3814 ’
376 3811 516 3875 Interim
549 3817 680 3892 praeter
712 3813 838 3874 omnem
869 3813 968 3893 spem¹
991 3811 1213 3875 intelleximus
1245 3811 1451 3892 requisitioni

267 3899 406 3980 nostrae,
440 3899 474 3963 id
497 3900 585 3981 quod
608 3901 812 3983 episcopatus
839 3900 1102 3965 Munlracsiensis
1126 3921 1185 3966 nec
1208 3900 1368 3964 fundatus
1392 3923 1450 3966 uec

268 3985 479 4054 canonicatus
512 4009 579 4053 esse
610 3990 795 4072 reperiatur
827 4011 886 4072 pro
918 3990 1088 4054 obstaculo
1120 3991 1247 4074 opponi,
1280 3993 1317 4053 ac
1350 3993 1389 4053 eri
1414 3993 1449 4056 eo

267 4077 368 4143 alium
393 4079 577 4161 quempiam
610 4079 851 4144 missionarium
883 4079 1069 4162 episcopum
1092 4101 1129 4144 eo
1153 4079 1353 4146 destinatum
1376 4082 1449 4162 pross

266 4165 394 4251 pediam
427 4168 665 4232 emittendum
697 4190 772 4234 esse.
806 4166 889 4233 Oum
921 4171 1043 4234 autem?
1064 4191 1122 4234 nos
1153 4170 1188 4233 in
1211 4169 1449 4253 praeiudicium

268 4259 350 4340 regii
372 4264 568 4340 patronatus
589 4257 695 4323 ‘ullum
719 4258 967 4340 mission'ariuui,
990 4260 1130 4324 maxime
1154 4259 1253 4324 talem
1269 4258 1358 4323 velut
1376 4281 1448 4341 pro·¹

266 4348 320 4411 cul
344 4347 443 4411 dubio
466 4349 625 4430 ignotum,
649 4355 743 4412 tanto
767 4349 870 4430 magis
894 4347 960 4412 fors
985 4355 1079 4414 extra
1104 4348 1324 4413 haereditaria
1347 4369 1448 4430 regna

267 4443 300 4502 et
317 4435 505 4520 provincias
528 4440 657 4504 nostras
680 4437 855 4503 oriundum
874 4434 994 4502 Graeci
1011 4438 1095 4502 ritus
1115 4439 1284 4518 hominem,
1303 4459 1448 4520 praeser-

267 4527 328 4590 tim
363 4527 403 4592 ob
438 4527 609 4592 modernas
642 4528 676 4592 in
711 4527 886 4608 H‘ungaria
924 4529 1197 4609 circumstantias,
1219 4528 1271 4592 'ad
1310 4529 1447 4594 eundem
