3458 5492
312 485 377 544 164
806 491 994 544 osnnvrtam'a

310 699 402 759 reges
426 677 629 757 Hungariae‚
653 698 672 738 a
697 682 841 758 tempore
873 676 1053 739 beatissimi
1086 675 1247 758 Stephani
1279 676 1364 758 regis
1390 677 1494 740 nostri

309 768 354 832 ad
385 768 464 830 haec
498 787 599 847 usque
633 772 778 848 tempora
811 765 938 828 illibate
971 766 1021 830 usi
1056 765 1199 844 fuerunt,
1223 786 1328 848 neque
1352 786 1426 829 vero
1449 766 1495 830 ad

310 857 369 920 hoc
401 876 504 938 usque
536 863 664 938 tempus
696 855 814 918 summi
846 855 1015 937 pontifices
1049 855 1081 918 in
1106 855 1156 918 bis
1181 856 1278 918 rebus
1301 855 1405 920 ullum
1430 855 1495 920 sibi

310 947 361 1014 ius
384 944 555 1009 vendicare
579 944 761 1014 voluerunt,
785 949 843 1007 aut
867 945 906 1008 de
926 944 1091 1008 beneficiis
1108 944 1300 1010 vacantibus
1324 945 1493 1027 disponere

310 1036 451 1098 volentes
476 1035 640 1100 ullatenus
663 1035 911 1116 impediverunt,
937 1034 1109 1116 quominus
1133 1041 1295 1116 potestate
1312 1035 1495 1098 collationis

309 1125 411 1190 libere
434 1125 632 1202 fruerentur,
657 1123 711 1188 sed
736 1125 777 1188 ab
798 1145 834 1187 eo
853 1125 925 1187 iure
942 1131 1099 1204 tanquam
1123 1124 1229 1188 alieno
1252 1125 1286 1186 in
1310 1124 1370 1188 hoc
1394 1145 1495 1205 regno

309 1235 440 1298 prorsus
458 1213 699 1292 abstinuerunt,
720 1213 866 1295 nihilque
890 1213 953 1276 sibi
976 1220 1106 1295 praeter
1131 1215 1354 1296 episcoporum
1378 1213 1495 1277 confir-

309 1303 462 1368 mationis
487 1303 717 1366 auctoritatem
739 1304 966 1380 retinuerunt;
991 1303 1070 1383 quin
1087 1304 1152 1366 imo
1168 1302 1363 1384 Hungariae
1379 1324 1493 1386 regum

310 1395 344 1458 in
368 1393 508 1476 publicis
528 1392 644 1456 diaetis
665 1393 895 1474 praelatorum,
913 1399 1112 1473 magnatum,
1129 1393 1286 1459 nobilium
1303 1399 1336 1455 et
1353 1393 1495 1456 aliorum

310 1483 463 1548 ordinum
488 1481 590 1546 totius
613 1483 706 1563 regni
731 1504 795 1545 non
819 1483 887 1545 sine
912 1482 1003 1563 gravi
1028 1481 1263 1546 deliberatione
1287 1483 1494 1546 constitutio-

311 1594 367 1636 nes
400 1572 508 1635 editae
541 1577 673 1635 exstant
705 1571 798 1636 valde
827 1571 1059 1648 memorabiles
1084 1571 1117 1633 in
1143 1572 1262 1652 quibus
1287 1573 1346 1634 sub
1372 1573 1495 1653 gravis-

310 1663 391 1725 sima
414 1682 517 1743 poena
541 1667 681 1738 cavetur,
706 1682 746 1722 ne
771 1662 883 1724 modus
907 1661 1115 1741 libertasque,
1134 1661 1333 1725 consuetudo
1354 1667 1386 1724 et
1405 1661 1495 1740 ordo,

312 1751 431 1834 quibus
464 1751 497 1812 in
530 1751 590 1814 hoc
617 1769 716 1832 regno
741 1757 851 1814 nostro
875 1750 1033 1814 beneficia
1056 1751 1284 1831 acquiruntur,
1308 1751 1374 1813 ullo
1398 1751 1492 1814 modo

309 1863 329 1905 a
354 1861 547 1922 quocunque
581 1839 759 1903 turbentur
792 1847 824 1903 et
857 1840 1027 1902 violentur.
1054 1877 1092 1884 ·—
1119 1837 1210 1921 Quae
1239 1862 1312 1904 cum
1347 1841 1395 1903 ita
1427 1841 1496 1903 sint

310 1931 401 1993 etin
426 1928 633 1993 manifestam
666 1935 809 1993 nostram
843 1937 875 1992 et
907 1929 999 2010 regni
1033 1929 1129 1992 huius
1162 1937 1298 2011 vergant
1332 1930 1493 2008 iniuriam,

309 2021 357 2082 ita
374 2019 601 2098 deliberatum,
618 2020 666 2082 ita
682 2019 822 2100 denique
845 2040 1036 2101 persuasum
1061 2019 1226 2101 habemus,
1250 2019 1339 2082 salva
1361 2027 1496 2082 sanctae

310 2109 395 2173 sedis
419 2108 614 2190 apostolicae
637 2109 837 2172 auctoritate
861 2115 894 2172 et
919 2109 1110 2188 reverentia,
1135 2115 1173 2171 ut
1196 2109 1277 2186 iura,
1306 2109 1493 2172 libertatem

310 2207 342 2263 et
367 2198 633 2262 consuetudinem
667 2199 759 2278 regni
793 2199 904 2275 nostri,
938 2219 1022 2280 quae
1046 2204 1078 2260 et
1102 2219 1200 2280 quam
1224 2220 1244 2261 a
1267 2199 1418 2280 patribus
1440 2218 1494 2261 ac-

311 2289 463 2370 cepimus,
487 2288 637 2351 omnibus
662 2287 764 2351 modis
788 2283 996 2368 possibilibus
1021 2289 1106 2350 tueri
1131 2295 1164 2351 et
1188 2308 1378 2352 conservare
1402 2309 1494 2352 cure-

310 2399 389 2446 mus.
415 2375 509 2459 Quod
535 2377 667 2458 quidem
691 2384 723 2440 et
748 2375 912 2441 efficacius
929 2397 1024 2458 agere
1049 2385 1082 2439 et
1106 2377 1343 2458 competentius
1367 2377 1496 2442 efficere

310 2467 483 2546 valeamus,
517 2467 636 2529 iterum
670 2474 770 2548 atque
794 2467 913 2529 iterum
940 2473 973 2528 et
997 2467 1128 2548 speciali
1153 2466 1350 2530 confidentia
1374 2467 1493 2530 sancti-

310 2557 390 2622 tatis
423 2563 549 2620 vestrae
584 2556 748 2638 praesidia
781 2556 975 2634 invocamus
1011 2557 1233 2637 supplicantes
1271 2557 1416 2634 demisse,
1456 2563 1493 2619 ut

310 2646 468 2728 sanctitas
501 2652 608 2708 vestra
640 2665 857 2709 rememorans
882 2653 1006 2726 quanto
1031 2653 1064 2708 et
1088 2667 1186 2728 quam
1210 2653 1359 2728 prompto
1384 2646 1497 2709 favore

309 2756 368 2818 per
400 2735 661 2816 praedecessores
694 2757 768 2798 suos
791 2736 825 2798 in
848 2735 898 2798 his
923 2741 955 2798 et
979 2735 1139 2798 similibus
1165 2735 1262 2799 rebus
1286 2757 1385 2816 regno
1409 2735 1496 2816 regi-

310 2825 436 2907 busque
469 2825 588 2888 nostris
621 2831 772 2888 anteacto
808 2832 952 2906 tempore
992 2825 1034 2888 sit
1073 2825 1227 2903 delatum,
1267 2826 1422 2906 dignetur
1461 2831 1497 2887 et

312 2921 456 2978 nostram
480 2913 564 2977 hanc
588 2921 731 2978 aetatem
751 2936 770 2978 a
787 2913 919 2991 talibus,
944 2935 1025 2996 quas
1048 2935 1148 2996 supra
1172 2915 1362 2995 detegimus
1379 2914 1493 2980 turba·

311 3003 455 3067 tionibus
479 3004 663 3068 absolutam
687 3003 832 3082 reddere,
865 3004 975 3085 sicque
1000 3006 1159 3068 sanctitas
1184 3011 1292 3068 vestra
1316 3003 1497 3086 apostiliois

311 3100 426 3157 utatur
449 3092 586 3171 iuribus
609 3099 647 3156 ut
670 3100 784 3157 nostra
800 3116 864 3157 non
881 3093 1027 3173 deterat;
1044 3094 1186 3176 velitque
1205 3095 1313 3176 potius
1331 3094 1494 3158 communi

309 3183 459 3247 libertati
479 3190 618 3262 nostrae,
639 3204 737 3264 quam
761 3184 964 3265 privatorum
989 3185 1216 3265 quorumpiam
1242 3183 1414 3248 ambitioni
1439 3183 1496 3246 de-

276 3311 278 3317 .
309 3273 404 3351 ferre,
429 3293 486 3336 nos
510 3278 543 3335 et
566 3294 703 3354 regnum
727 3273 786 3335 hoc
803 3273 844 3336 ab
861 3273 1058 3336 inconsuetis
1083 3273 1267 3336 huiusmodi
1291 3273 1497 3354 processibus

311 3383 349 3426 ao
373 3362 575 3425 novitatibus
607 3362 742 3424 reddere
773 3364 908 3444 quietos
942 3368 974 3424 et
1008 3363 1053 3426 sic
1086 3362 1170 3426 hano
1203 3362 1383 3426 maiestatis
1416 3383 1494 3425 suae

310 3472 478 3515 caesareae
502 3457 535 3513 et
558 3451 676 3534 regiae,
690 3473 747 3533 per
770 3451 1074 3515 reverendissimum
1098 3452 1376 3534 archiepiscopum
1400 3450 1497 3516 0010-

310 3561 453 3605 czensem
478 3542 511 3603 in
536 3541 596 3604 hoc
620 3541 749 3622 negotio
768 3540 890 3604 tactam
911 3540 1161 3622 dispositionem,
1178 3547 1285 3604 ratam
1302 3541 1496 3622 firmamque

292 3631 438 3698 ¹habere.
463 3629 574 3694 Instat
599 3631 685 3694 enim
709 3637 836 3713 tempus
860 3631 909 3693 vel
933 3631 1041 3712 potius
1066 3631 1131 3694 iam
1156 3635 1272 3709 exstat,
1291 3631 1325 3694 in
1346 3651 1410 3713 quo
1434 3651 1495 3712 pro

310 3719 373 3784 fide
397 3726 429 3784 et
453 3721 562 3801 patria
586 3720 688 3801 magis
712 3727 931 3802 opportunum
955 3727 1120 3783 certamen
1145 3742 1201 3783 nos
1226 3726 1343 3783 monet.
1368 3717 1492 3801 Quodsi

310 3815 343 3873 et
376 3809 561 3872 huiusmodi
593 3808 757 3872 libertatis
790 3811 931 3874 tuendae
965 3811 1123 3874 sanctitas
1161 3815 1270 3872 vestra
1307 3809 1400 3874 nobis
1434 3809 1495 3872 hoc

310 3899 378 3981 ipso
411 3906 554 3981 tempore
587 3899 812 3962 necessitatem
853 3901 1004 3981 imponet,
1042 3899 1169 3980 pondus
1208 3906 1272 3962 non
1310 3899 1492 3963 subsidium

310 4009 407 4051 curae
432 3994 562 4051 nostrae
586 3988 726 4052 adiiciet.
753 3987 867 4052 Servet
890 3988 981 4052 Deus
1006 3989 1216 4052 sanctitatem
1246 3997 1384 4052 vestram
1409 3990 1495 4070 regi·

310 4079 390 4141 mini
423 4076 574 4141 ecclesiae
606 4100 684 4142 suae
716 4087 847 4142 sanctae
880 4078 1006 4142 felicem
1039 4076 1273 4160 florentemque
1302 4078 1495 4142 diutissime.

309 4169 362 4230 Ex
386 4165 537 4248 Galgocz,
562 4167 614 4232 die
641 4173 694 4232 7-a
714 4167 912 4248 Decembris,
936 4190 1020 4231 anno
1047 4173 1142 4232 1618.
