3472 5494
486 439 505 477 6
528 436 650 478 unsrun
673 437 732 477 ma.
755 436 885 476 6666666
907 435 961 476 coo
983 422 1211 477 656666666666.
1375 416 1440 476 235

259 610 444 692 suppositae
470 630 489 672 a
515 608 667 692 Philippo
699 606 825 674 Oasono
858 613 938 671 tunc
970 609 1165 691 computista
1196 607 1281 673 sacri
1313 607 1441 690 collegii

258 698 336 762 dum
359 719 423 762 666
447 699 611 780 reperitur
634 697 794 762 adnotata
812 698 899 762 inter
918 704 1065 780 sumptas
1081 709 1122 762 ex
1137 698 1280 763 archivio
1297 697 1441 762 eiusdem

258 787 315 852 ubi
330 788 412 851 tales
427 788 625 870 provisiones
642 787 817 871 diligenter
833 793 1076 867 conservantur,
1100 788 1194 852 iuxta
1218 788 1317 852 verba
1339 785 1441 852 clem.

258 877 351 941 Rom.
375 873 421 960 ἐξ.
445 898 542 960 66666
565 878 599 942 16
623 875 688 941 1166
713 878 753 942 de
775 875 851 940 Jur.

364 967 434 1032 Nec
467 969 612 1049 quinque
644 988 765 1047 eorum,
799 987 879 1048 quos
911 966 1089 1032 cardinalis
1120 967 1265 1032 Pazman
1297 967 1332 1030 in
1371 967 1441 1030 eius

258 1055 394 1137 epistola
417 1057 555 1140 scripsit,
590 1057 773 1121 nominatos
805 1056 906 1120 inisse
932 1055 974 1120 ab
1001 1057 1198 1140 imperatore
1220 1062 1293 1138 post
1317 1077 1439 1120 annum

261 1149 344 1208 1616
369 1167 471 1228 usque
494 1147 537 1211 ad
564 1150 658 1212 1625.
682 1167 757 1210 cum
780 1146 889 1211 nullus
912 1146 956 1210 ad
980 1147 1105 1212 curiam
1128 1147 1311 1212 Romanam
1334 1165 1441 1210 acces·

258 1235 338 1298 serit
363 1235 519 1320 nullaque
542 1235 630 1301 adsit
654 1235 840 1301 corumdem
864 1237 1014 1320 provisio,
1047 1257 1121 1300 cum
1154 1237 1197 1304 ad
1229 1236 1290 1300 hoc
1322 1235 1440 1300 funda-

257 1331 403 1389 mentum
435 1326 516 1390 satis
548 1325 614 1390 sint
647 1325 837 1408 diligentiae
868 1326 921 1390 uti
960 1326 1180 1408 expeditiones
1218 1325 1441 1409 registrantur

257 1413 344 1479 l'elin.
368 1415 402 1478 in
426 1413 568 1480 (1111661
598 1414 663 1479 XI.
688 1437 718 1480 6.
745 1420 761 1478 7
786 1416 821 1478 16
844 1413 909 1480 fine
932 1435 1012 1480 vers.
1037 1421 1070 1482 et
1093 1416 1179 1481 idem
1202 1420 1439 1498 praesumptus.

257 1504 286 1566 E
319 1524 472 1570 converso
503 1511 615 1570 autem
648 1511 860 1569 recensentur
887 1505 1086 1588 provisiones
1109 1506 1241 1570 ecclesie
1264 1505 1441 1570 Bosnensis

256 1615 276 1656 a
299 1593 373 1658 sede
397 1595 575 1677 apostolica
598 1594 789 1677 simpliciter
812 1595 936 1678 absque
960 1595 1028 1660 ulla
1055 1595 1262 1678 imperatoris
1294 1594 1439 1659 nomina-

258 1683 342 1747 tione
367 1683 474 1751 factae
497 1683 556 1748 sub
582 1681 742 1767 Gregorio
766 1683 872 1750 XIII.
896 1705 982 1750 6666
1012 1689 1097 1748 1573
1121 1685 1155 1750 16
1179 1705 1350 1768 personam
1372 1682 1440 1746 ira·

256 1773 317 1837 tris
336 1772 478 1838 Antonii
501 1773 583 1838 Pali.
962 1851 967 1860 ,
1193 1779 1196 1786 ’

363 1860 431 1928 Sub
465 1861 558 1928 Sixto
592 1862 631 1929 V.
655 1884 741 1928 anno
768 1867 852 1926 1588
876 1865 910 1927 16
934 1885 1105 1946 personam
1129 1863 1244 1928 fratris
1268 1861 1439 1928 Francisci

257 1949 424 2035 Stephani.
449 1953 495 2017 nt
518 1953 691 2018 novissima
715 1953 775 2018 sub
800 1953 993 2018 Innocentio
1009 1952 1055 2018 X.
1079 1974 1165 2018 auno
1191 1957 1285 2017 1645,
1309 1952 1343 2016 16
1367 1971 1439 2033 per-

255 2062 366 2105 sonam
406 2043 519 2108 1666616
558 2043 704 2108 Μ661661
744 2042 934 2108 Marccvich
980 2043 1095 2108 ultimo
1139 2043 1295 2108 defuncti.
1341 2039 1440 2106 Unde

255 2131 378 2213 liquet3

366 2224 408 2285 1⁰.
432 2221 585 2288 ultimum
617 2229 741 2288 statum
765 2243 834 2288 esse
856 2245 915 2306 pro
938 2223 1043 2290 libera
1065 2221 1247 2305 provisione
1271 2220 1329 2303 qui
1351 2219 1440 2284 vide·

256 2319 311 2374 tur
349 2311 570 2375 attendendus
608 2333 649 2376 ex
687 2312 837 2379 deductis
874 2335 934 2396 per
973 2312 1095 2378 Rotam
1133 2331 1242 2377 coram
1280 2308 1437 2391 Schraph.

254 2399 401 2464 d01213
435 2406 513 2464 605
548 2408 581 2466 66
613 2402 775 2466 Pirovano
799 2402 837 2466 de
858 2407 900 2466 87
925 2410 958 2467 66
982 2407 1024 2466 88
1049 2401 1226 2485 utrobique
1249 2413 1289 2464 n0
1308 2404 1347 2462 8⁰
1366 2405 1440 2482 post

255 2489 383 2555 Vivian.
408 2490 448 2554 de
471 2491 624 2574 Jurepat.
647 2492 766 2558 Lotter
790 2492 830 2556 de
853 2514 889 2556 re
909 2491 1040 2557 benefic.
1065 2497 1141 2556 tom.
1168 2497 1183 2555 l
1210 2491 1266 2555 lib.
1292 2494 1308 2552 l
1334 2501 1371 2570 qe
1395 2492 1438 2551 34

253 2591 292 2641 n0
313 2584 363 2644 26.
388 2579 466 2644 Post
490 2581 530 2645 de
554 2589 678 2646 manut.
702 2582 805 2646 obser.
830 2587 873 2645 33
897 2605 928 2646 6.
954 2587 981 2646 2.
1157 2644 1159 2648 ,

362 2673 405 2734 2⁰.
421 2669 593 2734 Assertam
617 2672 710 2754 quasi
738 2671 969 2754 possessionem
992 2692 1051 2754 pro
1074 2669 1269 2736 admissione
1293 2667 1438 2731 nomina·

255 2760 352 2824 tionis
377 2760 487 2842 regiae
511 2761 732 2844 interruptam
757 2783 824 2826 esse
857 2783 932 2826 oum
963 2761 1065 2846 priori
1099 2760 1227 2824 saeculo
1253 2757 1438 2840 postillam

254 2849 350 2914 Pauli
375 2849 442 2913 ΙΙΙ.
467 2856 629 2932 quatenns
653 2851 845 2916 subsisteret
868 2852 1062 2916 subsecutae
1092 2855 1171 2916 6666
1205 2849 1302 2914 binae
1332 2847 1439 2929 provi·

254 2940 359 3004 aiones
390 2940 513 3004 liberae
546 2939 651 3006 altera
683 2938 836 3025 Gregorii
870 2940 976 3005 XHI.
1013 2945 1075 3004 157
1080 2946 1109 3019 3,
1141 2939 1246 3002 616666
1278 2936 1363 3003 Sixti
1396 2934 1438 3000 V.

257 3033 340 3092 1588
365 3035 399 3092 66
422 3029 482 3093 hoc
505 3029 612 3094 seculo
636 3037 709 3113 post
734 3031 864 3095 unicam
880 3028 1058 3095 Clementis
1069 3029 1169 3096 VIII.
1186 3036 1220 3092 et
1235 3027 1317 3091 duas
1341 3024 1439 3090 Pauli

255 3117 294 3182 V.
310 3125 475 3201 postrema
490 3120 676 3184 Innocentii
687 3119 732 3185 X.
744 3141 828 3204 quae
848 3121 897 3184 uti
913 3121 1082 3204 posterior,
1098 3141 1137 3184 ao
1152 3117 1305 3183 effectum
1320 3115 1438 3180 sortita

254 3229 312 3291 per
343 3209 477 3291 longum
509 3215 636 3291 tempus
669 3231 771 3292 usque
804 3212 845 3275 ad
869 3217 1006 3275 mortem
1029 3209 1150 3294 provisi
1174 3227 1249 3271 cum
1271 3205 1439 3271 verisimili

254 3299 416 3362 sententia
446 3299 731 3379 praetendentium
764 3301 816 3364 ius
848 3321 887 3362 ex
920 3299 1083 3382 prioribus
1111 3320 1170 3382 666
1195 3297 1438 3361 conservatione

253 3387 418 3452 libertatis
450 3387 645 3470 perferenda
677 3397 726 3454 666
759 3391 953 3472 1666666666,
993 3411 1076 3473 quae
1114 3389 1163 3453 illi
1202 3386 1439 3451 adversabatur

254 3477 349 3542 Alex.
373 3477 415 3541 ad
439 3478 563 3542 Bartol.
589 3479 621 3542 in
646 3479 683 3543 L.
707 3480 733 3542 si
758 3481 822 3543 duo
847 3485 866 3544 2
890 3493 929 3542 60
949 3484 970 3544 4
994 3480 1079 3544 verb.
1104 3484 1182 3544 sunt
1206 3477 1335 3558 equales
1358 3496 1439 3540 vers.

257 3573 274 3631 2
298 3566 406 3630 limita
429 3567 468 3630 de
491 3569 619 3649 probat.
636 3589 715 3652 quos
738 3590 812 3633 cum
836 3569 909 3634 aliis
925 3569 1077 3652 probavit
1100 3569 1175 3633 Rct.
1200 3568 1238 3632 de
1259 3571 1299 3630 59
1327 3571 1346 3629 8
1370 3570 1437 3630 63

255 3657 341 3720 Ρ666.
365 3656 406 3719 de
429 3664 552 3721 manut.

363 3751 391 3809 3.
416 3745 491 3810 Non
523 3768 615 3828 posse
641 3769 680 3811 ex
703 3746 832 3813 actibus
855 3749 1030 3812 contrariis
1052 3749 1126 3812 elici
1149 3746 1438 3831 praescriptionem

256 3836 448 3918 completam
473 3858 538 3919 qua
561 3837 716 3902 adversus
739 3838 908 3902 ecclesiam
931 3839 1114 3902 Romanam
1130 3844 1164 3902 et
1179 3839 1254 3902 iura
1270 3837 1358 3900 illius
1371 3855 1439 3900 esse

256 3925 353 3990 debet
379 3928 442 3988 loc
465 3946 625 3991 annorum
650 3933 718 3991 tam
741 3947 799 4010 666
822 3928 910 4011 leges
934 3929 1116 4011 imperiales
1140 3929 1174 3991 in
1197 3925 1303 3991 Auth.
1328 3931 1365 3990 nt
1389 3947 1438 3990 66-

256 4015 353 4079 616616
384 4014 534 4079 Romana
569 4021 631 4080 100
664 4037 825 4082 annorum
857 4017 999 4099 gaudeat
1033 4018 1287 4101 praescriptione
1310 4037 1350 4080 ex
1374 4036 1440 4098 qua

257 4103 395 4169 imerius
427 4106 566 4188 sumpsit
598 4105 703 4171 Auth.
735 4128 816 4188 quas
850 4108 994 4171 actiones
1027 4106 1062 4173 O.
1096 4108 1136 4172 de
1167 4127 1283 4171 saeros.
1316 4105 1439 4170 Eccles.

256 4214 353 4275 quam
377 4213 434 4276 per
458 4196 630 4260 canonicas
664 4197 846 4260 sanctiones
869 4198 904 4260 in
928 4219 954 4262 o.
978 4198 1094 4262 ultimo
1121 4202 1160 4261 16
1185 4204 1297 4280 queste
1318 4201 1336 4259 3
1362 4216 1387 4259 o.
1412 4196 1439 4259 si

256 4283 405 4366 diligenti
432 4288 471 4347 17
489 4284 675 4368 Utrobique
690 4287 723 4348 16
741 4285 805 4349 fine
821 4287 861 4350 de
880 4286 1150 4370 Praescriptione‚
1174 4309 1250 4350 nam
1272 4287 1439 4368 supposito

255 4375 363 4452 etiam,
379 4395 548 4455 nunquam
566 4381 674 4438 tamen
691 4395 838 4440 concesso
857 4376 961 4458 primo
977 4384 1055 4440 actu
1071 4377 1130 4442 sub
1148 4376 1253 4442 Paulo
1269 4377 1336 4440 ΙΙΙ.
1353 4397 1440 4439 6666

258 4467 341 4526 1541
360 4471 487 4527 certum
505 4484 582 4528 6666
606 4471 655 4528 666
678 4464 767 4529 111166
790 4466 855 4528 vim
878 4467 1009 4548 penitus
1032 4467 1197 4532 sublatam
1220 4466 1329 4545 fuisse,
1353 4466 1439 4530 binis

255 4553 288 4615 in
321 4553 522 4617 contrarium
555 4575 614 4636 pro
646 4555 801 4619 libertate
833 4557 953 4620 secutis
985 4557 1079 4620 annis
1114 4561 1199 4619 1573
1233 4562 1265 4620 66
1289 4561 1330 4619 88
1355 4563 1388 4620 66
1411 4559 1438 4621 61
