3472 5494
314 405 378 466 230
812 410 1001 468 0111111111

313 618 401 677 num,
425 615 463 662 ac
485 602 613 661 montes
636 594 757 660 Bobius
781 617 881 678 quam
903 596 1030 677 primus
1053 596 1199 659 omnium
1222 615 1262 659 ex
1285 595 1498 680 sequentibus

313 687 509 768 Hungariae
540 685 673 767 regibus
705 685 850 768 possedit
881 683 1019 750 Carolus
1042 685 1071 750 I.
1094 683 1205 750 Caroli
1230 683 1380 751 Martelli
1402 685 1498 766 filius.

313 777 369 858 qui
402 796 554 840 coronam
586 775 730 856 suscepit
762 796 847 839 auno
883 779 969 838 1310
1003 781 1037 838 01
1067 775 1162 858 louge
1194 775 1326 859 lateque
1351 775 1499 842 domina·

314 873 367 930 tus
391 866 466 944 fuit,
499 863 671 930 Bonfinius
703 865 813 950 inquit
844 863 975 930 Decede
1000 868 1038 928 21
1056 865 1112 930 lib.
1147 869 1176 930 9.
1203 866 1264 930 sub
1297 865 1392 929 initio
1425 887 1497 948 pag.

316 960 410 1020 1342.
434 952 538 1021 Velut
570 953 713 1018 habetur
736 953 770 1018 iu
794 952 1012 1036 Chronologia
1038 955 1176 1038 Regum,
1208 960 1282 1038 post
1310 953 1497 1020 Bonfinium

315 1043 524 1123 Sambucum‚
548 1043 744 1108 Michaelem
767 1044 906 1124 Ritium,
930 1051 963 1108 et
986 1043 1067 1109 alios
1090 1051 1162 1128 pag.
1188 1048 1252 1108 906
1272 1066 1346 1110 cum
1363 1065 1498 1128 sequen-

314 1135 412 1214 tibus,
436 1142 468 1198 et
485 1133 573 1216 apud
590 1132 626 1197 P.
650 1133 846 1198 Rauranum
864 1135 899 1198 in
917 1133 1070 1216 Epitome
1093 1154 1202 1198 rerum
1228 1133 1498 1217 Hungaricarum

313 1224 567 1306 101100180011
595 1222 740 1287 medium
756 1244 835 1288 vers.
854 1245 913 1289 sua
938 1223 1060 1288 ditione
1085 1224 1193 1288 tenuit
1216 1245 1288 1306 pag.
1314 1228 1388 1303 241,
1414 1245 1498 1306 quae

312 1320 424 1396 postea
449 1311 564 1378 effecta
588 1312 681 1394 regni
706 1311 893 1396 Hungarici
917 1313 1133 1396 stipendiaria
1148 1312 1335 1379 fiduciarius
1352 1314 1498 1379 dominos

313 1404 440 1483 habuit,
463 1408 496 1468 et
515 1401 603 1484 regio
620 1401 719 1467 titulo
735 1403 917 1486 insignitos,
937 1424 1076 1485 quorum
1093 1403 1209 1468 ultimo
1231 1424 1308 1486 rege
1331 1402 1498 1488 Stephano

313 1493 475 1558 a'llurcis
507 1498 603 1574 capto
627 1493 787 1556 01000110
818 1492 877 1558 sub
911 1492 1105 1575 pontificatu
1138 1493 1191 1558 Pii
1218 1492 1266 1558 II.
1300 1513 1386 1558 anno
1412 1497 1496 1558 1463

315 1603 433 1665 magna
456 1603 496 1646 ex
518 1587 613 1664 parte
636 1581 733 1645 cessit
756 1583 790 1647 in
814 1603 926 1646 eorum
952 1581 1119 1662 ditionem,
1153 1589 1187 1646 et
1215 1583 1363 1665 quamvis
1396 1582 1498 1648 fuerit

314 1678 509 1756 recuperata
532 1691 590 1753 per
619 1670 800 1736 Matthiam
824 1677 904 1736 tunc
928 1670 1123 1754 Hungariae
1147 1693 1265 1756 regem,
1289 1693 1362 1738 mox
1386 1678 1497 1736 tamen

313 1761 479 1829 Ludovico
513 1761 582 1826 eius
614 1779 798 1826 successore
820 1782 917 1841 cesso,
951 1765 1102 1828 universa
1129 1763 1171 1826 ad
1196 1761 1373 1827 Turcieum
1397 1762 1498 1844 impe-

313 1853 399 1918 rium
430 1850 587 1934 pervenit,
618 1849 679 1914 hoc
703 1852 924 1916 asserentibus
953 1854 1064 1917 eodem
1096 1851 1156 1916 Pio
1180 1851 1227 1916 ΙΙ.
1251 1853 1285 1916 in
1317 1851 1497 1918 Comment.

314 1941 370 2007 lib.
406 1945 443 2004 11
479 1959 551 2023 pag.
584 1938 665 2004 mihi
700 1945 762 2004 572
793 1961 872 2006 vers.
896 1941 1061 2007 Bosnense
1084 1962 1200 2006 nomen
1225 1962 1299 2006 curu
1322 1941 1409 2006 binis
1432 1961 1497 2023 seq.

315 2037 348 2095 et
378 2029 591 2111 subsequenti
622 2029 772 2114 Epistola
795 2053 868 2114 pag.
893 2036 959 2095 644
985 2030 1113 2097 Jacobo
1136 2029 1313 2096 Oardinale
1336 2031 1497 2114 Papianse

314 2120 464 2206 Epistola
495 2123 557 2182 517
593 2119 715 2204 scripta
744 2121 874 2186 nomine
906 2118 993 2186 Sixti
1026 2120 1087 2187 IV.
1122 2120 1210 2185 dicto
1244 2122 1314 2204 regi
1346 2120 1497 2187 Mathiae

314 2232 393 2276 vers.
417 2208 586 2292 recognita
608 2229 681 2292 pag.
705 2214 769 2274 803
803 2209 955 2275 Bonfinic
987 2210 1119 2276 Decede
1144 2215 1163 2275 3
1187 2210 1243 2276 lib.
1270 2216 1311 2274 10
1334 2231 1407 2293 pag.
1433 2215 1497 2274 560

315 2301 375 2367 sub
399 2320 480 2364 vers.
504 2319 591 2364 anno
614 2299 732 2364 salutis
758 2304 843 2364 1463
869 2297 1035 2366 Gulielmo
1059 2307 1093 2365 et
1115 2299 1141 2363 J
1142 2320 1246 2365 oanne
1270 2301 1311 2365 de
1334 2300 1439 2364 Blacu
1463 2301 1497 2362 in

315 2390 459 2455 Theatro
482 2388 571 2454 orbis
596 2387 774 2454 Terrarum
798 2390 864 2454 sive
889 2412 970 2456 novo
988 2389 1128 2455 Atlante
1152 2396 1247 2472 parte
1266 2396 1281 2456 1
1304 2391 1337 2454 in
1354 2389 1498 2471 descrip-

314 2479 403 2544 tione
427 2476 626 2558 Sclavoniae,
659 2477 821 2559 Oroatiae,
845 2480 981 2559 Bosnae,
1006 2479 1260 2563 Dalmatiacque
1283 2479 1336 2546 fol.
1360 2483 1411 2544 34.
1436 2479 1496 2542 sub

314 2590 393 2634 vers.
427 2568 549 2632 Bosnia
580 2588 718 2650 regnum
751 2575 809 2650 est,
841 2576 874 2634 et
907 2570 1060 2654 Philippo
1093 2569 1221 2634 Brictio
1254 2570 1289 2633 in
1323 2569 1496 2634 Parallelis

314 2657 433 2724 veteris
467 2662 499 2721 et
532 2677 633 2721 novae
666 2655 860 2741 Geografiae
894 2663 911 2723 2
946 2667 1030 2743 part.
1063 2659 1118 2723 lib.
1154 2664 1172 2722 2
1206 2658 1246 2722 de
1270 2658 1403 2742 Illyrico
1427 2679 1496 2742 cap.

317 2755 344 2813 1.
368 2746 425 2814 SS.
449 2747 489 2812 de
513 2746 657 2812 Bosscna
685 2751 706 2811 4
728 2769 801 2831 pag.
826 2753 899 2812 305.

423 2834 496 2920 Quo
528 2856 604 2900 vero
645 2836 688 2902 ad
732 2843 750 2901 2
792 2840 994 2920 apostolatus
1033 2845 1067 2903 01
1098 2838 1279 2920 legationes
1313 2838 1497 2922 personales

315 2928 422 3007 fuisse,
455 2947 513 2990 nec
541 2947 712 3009 personam
737 2949 760 2991 1.
784 2929 870 3010 regis
896 2928 1067 2994 excessisse
1090 2929 1270 3012 probarent
1293 2929 1401 3006 verba,
1426 2928 1497 3009 qui-

314 3019 376 3083 bus
402 3016 559 3083 Silvester
582 3016 630 3080 Π.
654 3037 728 3081 cum
753 3017 870 3100 legatis
904 3019 1105 3102 respondisse
1129 3019 1238 3082 fertur
1260 3039 1319 3101 per
1342 3016 1497 3083 Ohartui-

315 3108 402 3173 cium
435 3106 468 3170 in
502 3107 571 3170 eius
604 3106 673 3170 vita
704 3128 777 3189 pag.
812 3113 876 3172 272
902 3129 940 3173 10
964 3108 1097 3174 Surium
1129 3129 1201 3191 pag.
1227 3112 1291 3171 245
1320 3128 1435 3189 nempe
1458 3107 1498 3169 iis

315 3196 438 3262 auditis
461 3195 543 3260 mire
567 3195 778 3277 exhilaratus,
801 3199 949 3280 pontifex
965 3199 1116 3280 precibus
1132 3197 1197 3261 illis
1212 3197 1354 3262 libenter
1369 3197 1497 3274 annuit,

315 3305 509 3368 crucemque
543 3291 621 3348 ante
658 3306 768 3368 regem
807 3287 857 3350 sui
897 3288 1098 3370 apostolatus
1137 3287 1265 3369 insigne
1305 3286 1498 3370 gestandam

246 3380 247 3384 ’
316 3376 477 3455 adiunxit,
501 3396 560 3456 ego
583 3375 744 3456 inquiens,
767 3397 839 3440 sum
863 3377 1068 3460 apostolicus,
1095 3383 1130 3441 at
1155 3376 1210 3440 illc
1232 3377 1350 3442 merito
1373 3375 1498 3440 Christi

317 3465 481 3548 apostolus
506 3464 571 3529 dici
593 3472 711 3548 potest,
735 3466 828 3530 cuius
851 3488 950 3550 opera
974 3475 1106 3532 tantum
1130 3467 1285 3549 populum
1309 3466 1371 3530 sibi
1403 3463 1499 3529 chri-

317 3564 387 3620 stus
420 3554 603 3636 acquisivit,
635 3561 736 3637 atque
760 3576 797 3620 ea
822 3577 920 3621 causa
952 3557 1226 3638 quemadmodum
1255 3556 1366 3620 divina
1391 3556 1498 3638 gratia

316 3646 423 3728 ipsum
455 3643 594 3722 docebit,
627 3645 778 3708 ecclesias
811 3645 874 3709 Dei
907 3667 972 3710 una
997 3667 1071 3710 cum
1095 3645 1223 3728 populis
1247 3648 1276 3709 ei
1300 3645 1498 3710 ordinandas

316 3735 518 3816 reliquimus,
543 3753 627 3817 quae
646 3740 799 3816 repetunt
824 3735 988 3800 Batonius
1004 3735 1137 3800 Annali.
1158 3735 1215 3801 To.
1240 3735 1285 3799 X.
1309 3739 1498 3800 11101000

317 3847 389 3908 pag.
412 3823 493 3889 mihi
518 3827 581 3886 933
606 3822 667 3887 sub
691 3824 813 3889 litteris
836 3825 877 3890 D.
902 3833 935 3890 et
959 3827 997 3890 Ε.
1021 3832 1055 3889 01
1078 3825 1239 3890 Melchior
1258 3825 1411 3896 inchofer
1428 3824 1498 3889 An-

316 3916 380 3978 111.
404 3913 513 3996 Regni
536 3913 705 3996 Ungariae
719 3913 831 3978 eodem
847 3937 933 3980 anno
950 3920 1035 3980 1000
1051 3937 1123 3998 pag.
1146 3919 1209 3979 254
1226 3915 1395 3980 litterali.
1412 3915 1498 3978 Nam

318 4003 477 4068 dictiones
495 4003 681 4086 personales
696 3999 825 4070 numeri
840 4005 1025 4087 singularis,
1048 4005 1103 4068 ille
1119 4006 1234 4088 ipsum,
1254 4005 1283 4070 ei
1302 4005 1499 4070 conveniunt

318 4093 450 4175 regulae
474 4093 510 4156 L.
543 4093 714 4176 privilegia
749 4098 810 4158 151
836 4095 870 4158 in
894 4094 958 4158 fine
981 4095 1003 4158 1.
1028 4094 1068 4158 de
1090 4115 1156 4178 reg.
1180 4095 1241 4158 iur.
1266 4095 1353 4178 quod
1376 4094 1500 4158 scilicet

318 4182 490 4266 privilegia
513 4203 663 4246 concessa
686 4204 843 4266 personae
867 4183 909 4248 ad
933 4183 1067 4248 heredes
1092 4206 1156 4248 non
1176 4191 1359 4264 transeunt,
1383 4192 1418 4248 at
1445 4205 1499 4246 ue·

320 4292 383 4354 que
406 4271 486 4336 alios
510 4272 547 4335 L.
574 4278 601 4336 2.
626 4271 660 4337 0.
685 4274 725 4337 de
749 4273 901 4356 Legibus

426 4360 552 4427 Verum
585 4362 662 4444 quia
694 4363 816 4428 ibidem
850 4364 879 4428 d.
903 4364 1058 4428 Inchofer
1086 4385 1157 4446 pag.
1183 4368 1246 4427 256
1271 4382 1345 4427 cum
1369 4383 1500 4444 sequen.

319 4451 448 4516 addidit
465 4451 647 4534 exemplum
668 4451 854 4516 litterarum
870 4454 1013 4518 eiusdem
1025 4453 1174 4519 Silvestri
1190 4474 1265 4517 cum
1281 4451 1360 4516 data
1376 4452 1500 4516 Romae

321 4541 522 4606 6Kalendas
532 4540 660 4624 Aprilis
671 4542 856 4607 Indictione
869 4548 908 4606 13
920 4542 1043 4626 absque
1055 4551 1162 4608 tamen
1180 4543 1248 4606 ulla
1263 4541 1501 4626 subscriptione
