3454 5492
462 473 480 513 1
504 473 625 513 ursornn
648 474 707 512 ms.
732 473 861 513 nanuum
885 474 938 512 soe
963 461 1191 513 roaudnnrdsez.
1357 455 1419 513 117

346 643 472 711 Verum
505 643 710 709 dominorum
742 645 965 727 praelatorum
998 645 1089 710 nulla
1127 645 1165 709 fit
1204 645 1251 710 ibi
1290 646 1420 728 mentio,

240 736 325 800 unde
349 734 524 817 colligitur,
556 735 646 798 illam
679 733 815 800 liberam
850 735 1041 818 disponendi
1066 737 1259 800 facultatem
1283 735 1421 801 dominis

238 826 394 908 praelatis
426 846 490 890 non
524 847 590 890 esse
623 845 814 908 concessam,
839 825 895 889 sed
918 825 1061 908 principi
1084 831 1290 890 reservatam.
1315 827 1421 910 Reges

238 917 324 980 enim
347 915 543 998 Hungariae
567 915 820 998 episcopatuum,
840 916 1143 998 praepositurarum
1160 922 1192 980 et
1208 916 1420 982 abbatiarum

238 1005 443 1072 collationem
466 1027 525 1088 pro
549 1025 582 1069 66
607 1012 864 1070 reservaverunt.

345 1095 442 1161 Unde
477 1100 606 1160 constat
638 1101 670 1158 61
704 1117 800 1179 super
832 1095 936 1160 libera
970 1095 1179 1179 dispositione
1207 1098 1420 1161 autoritatem

237 1210 295 1270 pro
319 1207 353 1251 66
376 1206 563 1251 reservasse.
587 1185 675 1249 Nam
691 1186 757 1250 elia
773 1191 821 1250 est
837 1188 923 1251 ratio
947 1186 1106 1252 bonorum
1129 1187 1420 1251 ecclesiasticorum

239 1283 271 1343 et
296 1277 521 1342 saecularium.
547 1273 736 1342 Saecularis
766 1278 851 1340 enim
875 1277 969 1357 bona,
993 1299 1051 1360 per
1079 1276 1216 1341 barones
1240 1283 1273 1340 et
1296 1277 1420 1342 nobiles

238 1369 330 1450 regni
354 1367 574 1450 acquiruntur
597 1366 736 1431 militari
759 1367 882 1431 virtute
907 1373 940 1432 et
965 1367 1130 1449 sanguine.
1160 1367 1207 1430 Iis
1235 1367 1322 1430 enim
1346 1388 1420 1432 con·

237 1458 399 1538 feruntur,
422 1458 480 1540 qni
504 1457 544 1521 (16
566 1457 676 1540 patria
699 1463 732 1522 et
755 1459 902 1540 principe
925 1458 1119 1523 benemeriti
1143 1462 1228 1521 sunt.
1258 1457 1420 1522 Ecclesia-

238 1549 319 1613 stica
351 1569 426 1611 vcro
457 1546 624 1627 beneficia,
649 1569 688 1611 ex
720 1547 788 1612 sola
817 1549 925 1630 gratia
948 1547 1105 1630 principis
1127 1549 1273 1629 personis
1296 1547 1420 1612 idoneis

237 1639 459 1702 conferuntur.
484 1637 509 1702 J
511 1644 622 1702 ustum
645 1637 717 1702 ideo
740 1658 808 1703 esse
832 1638 970 1718 videtur,
995 1637 1081 1703 unde
1105 1638 1264 1720 originem
1288 1637 1419 1719 habent,

238 1750 274 1792 eo
298 1735 331 1794 61
354 1749 479 1810 semper
503 1735 687 1810 respectum
709 1728 861 1793 habeant.
886 1727 1030 1794 Oautum
1054 1727 1141 1793 enirn
1160 1727 1338 1792 canonibus
1362 1733 1420 1810 est,

237 1839 277 1882 ne
309 1819 450 1902 episcopi
481 1819 602 1882 fratres
634 1820 888 1902 consanguineos
916 1839 989 1882 suos
1013 1819 1053 1882 de
1076 1818 1170 1883 bonis
1193 1817 1420 1882 ecclesiasticis

238 1909 352 1990 ditent,
383 1914 482 1992 prout
506 1909 605 1973 etiam
631 1909 798 1974 decretum
816 1909 881 1972 divi
898 1907 1057 1991 Stephani
1074 1910 1159 1991 regis
1175 1928 1209 1971 66
1225 1908 1267 1972 ad
1283 1927 1419 1974 canones

236 1999 346 2063 refert.
380 1997 529 2064 Oenones
562 2005 672 2063 autem
697 1997 873 2082 prohibent
897 1999 1061 2081 episcopos
1085 1998 1246 2064 derebus
1270 1997 1419 2062 ecclesia·

236 2089 327 2153 sticis
351 2089 528 2171 disponere.
553 2089 605 2152 Ex
629 2089 679 2152 his
696 2090 768 2154 elici
784 2109 876 2172 posse
892 2089 1031 2169 videtur,
1048 2089 1134 2170 quod
1152 2089 1419 2153 testamentariae

237 2179 464 2262 dispositiones
502 2199 713 2262 personarum
752 2179 1043 2244 ecclesiasticarum
1085 2199 1148 2242 non
1184 2179 1323 2260 valeant,
1356 2180 1419 2242 nisi

236 2269 410 2336 accedente
443 2291 599 2334 consensu
631 2269 738 2352 regi03
771 2269 857 2334 unde
890 2269 990 2334 etiam
1026 2291 1088 2334 usu
1121 2267 1219 2348 venit,
1259 2275 1291 2332 ct
1324 2269 1418 2333 modo
1491 2298 1502 2346 ‘.

237 2381 365 2443 quoquc
397 2359 596 2440 observatur,
631 2359 717 2444 qued
749 2360 889 2442 praelati
917 2360 1073 2442 petierint
1099 2357 1292 2423 facultatem
1316 2358 1419 2424 libere

237 2450 277 2513 de
308 2451 415 2515 rebus
439 2451 505 2514 suis
529 2449 728 2532 disponendi.
758 2450 833 2514 Non
858 2457 977 2531 autem,
1001 2450 1051 2513 uti
1075 2449 1197 2513 domini
1220 2448 1360 2530 praelati
1383 2449 1417 2512 in

237 2562 295 2604 suo
319 2541 439 2624 scripto
463 2546 658 2623 proponunt,
683 2546 721 2603 ut
744 2561 800 2604 rex
825 2539 1014 2604 testamenti
1037 2539 1103 2602 vim
1125 2547 1158 2603 et
1174 2539 1418 2622 dispositionem

236 2631 270 2693 in
294 2651 332 2694 66
355 2635 486 2694 tantum
518 2635 613 2712 parte
641 2638 856 2712 cognosceret,
882 2652 962 2694 num
987 2629 1113 2712 aliquid
1137 2629 1176 2692 de
1200 2629 1334 2712 peculio,
1368 2629 1418 2692 vel

236 2720 381 2784 clenodio
414 2721 566 2784 ecclesiae
599 2721 642 2784 sit
676 2722 864 2800 alienatum,
893 2720 1157 2803 quandoquidem
1190 2740 1247 2783 rex
1272 2719 1418 2783 clenodia

236 2811 443 2875 ecclesiarum
467 2810 550 2874 66116
573 2832 636 2874 non
660 2817 784 2893 potcst;
813 2811 868 2875 sed
894 2812 1010 2894 potius,
1035 2832 1077 2874 an
1110 2811 1144 2872 in
1174 2809 1244 2892 pios
1269 2831 1345 2874 usus
1370 2810 1417 2873 fa-

236 2901 376 2965 cultates
408 2900 640 2965 ecclesiasticas
679 2902 907 2984 disposuerint,
942 2920 1132 2984 cognoscere
1171 2899 1276 2964 debet.
1316 2899 1417 2964 Hunc

235 2991 409 3073 antiquum
426 3012 520 3054 usum
536 2991 791 3056 confirmationis
808 2996 1077 3055 testamentorum
1101 2989 1295 3054 confirmant
1311 3010 1417 3054 exem·

235 3081 297 3164 pla,
330 3087 398 3145 tam
431 3087 542 3146 vetera
574 3103 672 3162 quam
706 3083 868 3146 recentia:
901 3081 1052 3144 videlicet
1085 3079 1237 3158 Thomac,
1274 3077 1416 3162 Georgii,

235 3171 390 3248 Ladislai,
413 3170 519 3252 Pauli,
542 3171 671 3236 Nicolai
691 3179 723 3236 et
751 3170 889 3237 Antonii
914 3169 1069 3237 Verantii
1094 3170 1416 3252 archiepiscoporum,

237 3263 293 3344 qui
317 3282 426 3325 omnes
451 3261 490 3325 de
514 3263 695 3327 annuentia
718 3263 868 3326 divorum
891 3281 1005 3342 regum
1030 3266 1227 3326 testamenta
1251 3281 1309 3324 sua
1342 3281 1415 3324 con-

236 3352 398 3430 diderunt,
423 3358 456 3415 61
479 3351 610 3432 regibus
634 3353 701 3416 suis
724 3352 765 3415 ad
790 3350 1048 3416 confirmandum
1078 3350 1223 3415 exhiberi
1248 3357 1415 3414 curarunt.

236 3442 271 3508 Si
294 3442 398 3524 igitur
421 3442 500 3504 haec
524 3443 685 3506 autoritas
708 3442 799 3524 regia
822 3444 856 3504 in
881 3441 1127 3506 confirmacione
1144 3446 1416 3504 testamentorum

235 3533 379 3606 tolletur,
404 3553 522 3613 magna
545 3532 729 3614 aperiretur
754 3531 897 3596 fenestra
922 3531 1060 3594 dominis
1076 3530 1241 3614 praelatis,
1258 3531 1297 3594 de
1317 3530 1415 3594 rebus

175 3673 178 3678 .
235 3630 268 3687 61
300 3621 393 3686 bonis
425 3621 577 3686 ecclesiae
600 3644 659 3704 pro
684 3643 795 3685 eorum
818 3622 926 3701 libitu,
950 3623 984 3684 in
1009 3621 1243 3685 detrimentum
1266 3621 1358 3702 regni
1383 3627 1416 3684 et

235 3711 451 3792 ecclesiarum,
476 3711 674 3794 disponendi.
701 3711 752 3776 Ne
777 3712 880 3794 igitur
904 3711 1064 3774 autoritas
1088 3717 1121 3774 et
1148 3711 1292 3792 dignitas
1326 3710 1416 3791 regia

234 3804 295 3868 hac
327 3803 361 3864 in
393 3808 487 3884 parte
519 3802 748 3882 labefactetur,
781 3801 904 3864 iustum
939 3823 1006 3865 6666
1038 3801 1177 3878 videtur,
1217 3807 1254 3863 ut
1294 3799 1415 3863 domini

235 3891 383 3976 praelati,
407 3892 448 3955 ab
473 3912 509 3954 eo
542 3914 561 3955 a
594 3914 656 3974 quo
690 3893 885 3973 (lignitatem
918 3891 1139 3973 episcopalem,
1172 3910 1345 3971 rerumque
1378 3912 1415 3953 ac

234 3983 393 4048 bonorum
418 3981 735 4070 administrationem
753 3981 884 4061 habent,
899 3981 1092 4044 facultatem
1108 3980 1207 4043 etiam
1224 3979 1414 4062 disponendi

234 4079 357 4155 petant.
390 4069 473 4136 Cum
505 4078 617 4135 autem
649 4077 768 4154 agatur
801 4071 840 4134 de
873 4092 999 4134 summa
1031 4070 1185 4135 libertate
1211 4071 1414 4134 dominorum

234 4163 463 4245 praelatorum,
498 4182 701 4224 censeremus
734 4161 885 4242 diligenti
917 4182 955 4224 66
988 4168 1119 4224 matura
1157 4159 1414 4224 consideratione

234 4275 313 4336 opus
337 4273 413 4316 6666.
436 4251 524 4315 Nam
547 4251 702 4333 quicquid
727 4251 787 4314 hac
810 4252 844 4314 in
869 4271 904 4313 re
924 4251 1171 4331 deliberabitur,
1189 4251 1249 4321 hoc
1265 4271 1324 4332 pro
1341 4257 1414 4314 rato

234 4350 267 4407 ct
290 4343 383 4407 firmo
407 4349 439 4405 et
463 4341 534 4424 lege
557 4343 756 4424 sempiterna
780 4341 964 4404 habebitur.
989 4340 1086 4404 Unde
1110 4341 1143 4403 in
1167 4341 1319 4404 futurum
1336 4361 1413 4403 suae

234 4433 398 4496 maiestati
432 4439 465 4496 et
497 4431 573 4496 fisco
606 4452 761 4514 magnum
793 4431 948 4494 damnum
973 4429 1045 4494 dari
1069 4435 1183 4512 potest.
1209 4431 1254 4493 Et
1277 4429 1413 4512 proinde

233 4545 292 4605 pro
317 4524 409 4586 tenui
432 4521 552 4586 iudicio
577 4529 688 4586 nostro
712 4542 877 4585 censemus
901 4520 1045 4601 demisse,
1071 4520 1299 4584 resolutionem
1316 4519 1413 4582 huius

234 4612 364 4695 negotii,
382 4611 424 4675 ad
447 4612 537 4676 aliud
562 4611 758 4675 commodius
782 4618 910 4695 tempus
934 4632 1000 4676 6666
1023 4611 1243 4675 reiiciendum.
