3436 5500
460 403 478 438 1
502 402 623 440 vrevin
646 401 706 441 116.
729 401 858 440 naevum
882 400 936 440 voc
959 389 1187 440 ronrnvnvtnaz.
1372 382 1411 440 11

232 575 439 658 quovismodo
471 575 668 658 presumatis
701 575 769 639 sine
803 581 913 638 nostro
947 595 1103 638 consensu
1126 581 1160 662 et
1183 574 1318 638 licencia
1343 596 1414 658 spe-

230 661 314 743 ciali,
338 669 371 728 et
394 663 485 728 aliud
509 665 569 728 sub
594 685 697 747 poena
721 665 878 747 premissa
901 663 1008 726 iacere
1032 684 1096 726 non
1120 665 1242 728 ausuri.
1276 664 1413 728 Prosen-

231 761 279 817 tes
302 755 402 818 etiam
421 755 569 818 volumus
593 753 627 817 in
651 754 728 818 locis
752 760 784 818 61
809 754 923 817 edibus
948 753 1033 834 aptis
1056 753 1185 835 publice
1208 753 1315 817 facere
1339 775 1414 836 pro-

230 844 371 908 clamari.
405 843 530 908 Datum
554 843 686 909 Posonii
710 843 871 908 dominico
895 843 947 906 die
973 843 1006 906 in
1030 848 1145 906 octava
1169 843 1294 926 pasche,
1326 865 1413 908 anno
1505 897 1510 907 .

230 933 352 997 domini
376 933 546 998 millesimo
570 933 892 1016 quadringentesimo
917 937 1044 1014 quarto.

337 1093 490 1227 (6116161116
510 1109 539 1145 az
559 1091 723 1162 esztergomi
742 1091 857 1160 primasi
876 1091 963 1160 viltgi
983 1089 1164 1143 leveltarban.
1184 1097 1260 1144 Faso.
1276 1099 1317 1144 29.
1330 1097 1413 1145 Num.

230 1173 289 1217 494.
309 1171 341 1219 V.

796 1399 837 1466 V.

644 1567 739 1626 1405.
764 1561 951 1626 deczember
976 1567 1004 1624 3.

230 1722 376 1805 Ndpolpi
410 1723 530 1786 Lcisalo'
561 1723 828 1806 moppcrorsartpi
861 1723 1138 1806 ellertlrirctlpaclr,
1171 1745 1190 1788 6
1216 1723 1355 1788 6661661111
1379 1727 1412 1786 ct·

229 1812 320 1875 611161
341 1813 563 1896 6166116661
587 1813 727 1878 beto'lte'sc
752 1813 1006 1896 appellatam
1031 1815 1131 1878 lacae
1152 1813 1305 1894 6116611166
1329 1813 1414 1876 11111-

659 1909 722 1968 aett
745 1903 979 1984 elc'terjesate'se.

335 2062 529 2126 Beatissimo
561 2070 656 2146 pater
680 2071 712 2126 61
736 2064 983 2128 clementissime
1017 2064 1153 2127 domine.
1186 2063 1252 2127 Pro
1283 2086 1411 2146 promo-

229 2151 315 2214 tione
332 2153 527 2217 venerabilis
544 2153 606 2216 viri
624 2153 721 2216 Pauli
744 2154 965 2218 archidiaconi
984 2155 1024 2217 dc
1039 2153 1166 2217 Zabocz
1183 2153 1225 2218 ad
1242 2153 1409 2218 ecclesiam

228 2239 470 2315 Oenadiensem,
494 2247 663 2307 vacantem
682 2263 740 2326 per
757 2241 883 2310 obitum
907 2243 1028 2307 domiui
1053 2241 1205 2324 Gregorii
1229 2242 1410 2309 immediati

227 2331 365 2412 presulis
398 2332 529 2396 ecclesie
561 2333 731 2415 prelibata,
763 2355 887 2397 necnon
913 2339 945 2396 et
969 2355 1026 2416 pro
1051 2333 1253 2414 promotione
1278 2353 1410 2396 venera-

227 2421 301 2485 bilis
325 2420 387 2484 viri
411 2419 570 2504 Stephani
601 2423 823 2487 archidiaconi
846 2421 1024 2503 Azziwacz,
1058 2429 1243 2486 nostrorum
1277 2423 1410 2486 dilecto-

228 2532 300 2572 rum
333 2509 487 2590 fidelium,
520 2512 563 2575 ad
596 2512 763 2576 ecclesiam
796 2512 998 2593 Vaciensem,
1037 2518 1207 2576 vacantem
1240 2517 1319 2575 tunc
1352 2533 1412 2594 per

228 2606 363 2663 mortem
388 2601 511 2665 domini
534 2601 663 2666 Nicolai
686 2603 764 2666 olim
787 2601 958 2668 Vaciensis
982 2603 1130 2685 episcopi,
1164 2608 1256 2666 extra
1290 2603 1411 2667 Roma-

227 2711 302 2752 nam
326 2689 451 2753 ouriam
475 2691 713 2772 defunctorum,
737 2713 811 2774 sepe
835 2694 939 2757 recolo
956 2713 1014 2776 per
1029 2692 1110 2757 alias
1126 2713 1214 2755 meas
1239 2692 1410 2756 sanctitati

226 2786 330 2842 vestre
354 2779 483 2844 litteras
507 2781 713 2864 supplicasse.
730 2780 801 2864 Que
826 2783 957 2865 quidem
981 2789 1094 2846 nostra
1118 2781 1314 2864 supplicacio
1338 2783 1410 2844 nul-

226 2869 291 2931 lum
327 2869 434 2934 adhuc
467 2870 612 2934 obtinuit
651 2872 871 2936 exaudicionis
910 2870 1069 2936 effectum.
1107 2869 1316 2954 Quapropter
1348 2872 1410 2953 ipsi

226 2965 331 3022 vestre
355 2959 525 3024 sanctitati
549 2961 694 3044 supplico
718 2969 912 3041 reverenter,
946 2969 1107 3043 quatenus
1133 2961 1271 3043 benigne
1295 2959 1411 3043 digna-

226 3048 343 3111 remini
366 3049 438 3128 mei,
462 3051 563 3114 vestri
586 3051 654 3131 filii,
679 3051 901 3134 supplicantis,
925 3051 1059 3130 intuitu,
1083 3050 1249 3132 prefatum
1268 3049 1409 3114 Paulum

226 3138 268 3200 ad
301 3139 423 3202 dictam
456 3138 690 3205 Oenadiensem
724 3142 892 3206 ecclesiam
924 3147 956 3204 et
988 3140 1182 3224 jamdictum
1205 3139 1408 3222 Stephanum

226 3228 268 3290 ad
301 3227 404 3310 ipsam
437 3229 604 3294 ecclesiam
627 3229 831 3311 Vaciensem,
858 3251 920 3314 que
944 3236 982 3294 61
1005 3229 1188 3314 predicitur
1212 3236 1409 3293 vacaverunt

226 3325 258 3380 et
283 3323 407 3397 vacant,
441 3318 480 3383 de
513 3320 645 3401 speciali
669 3321 779 3403 gracia
802 3340 999 3404 promovere,
1032 3321 1134 3402 ipsam
1168 3319 1266 3382 michi
1290 3320 1323 3382 in
1349 3320 1409 3382 hac

226 3413 320 3488 parte
344 3407 487 3488 graciam
511 3409 669 3474 iaciendo.
703 3409 833 3493 Scripta
857 3411 891 3474 in
914 3409 1033 3476 Castro
1057 3431 1127 3473 mco
1152 3409 1245 3473 Novo
1269 3409 1409 3491 Neapoli

226 3497 285 3560 sub
310 3519 410 3578 parvo
433 3499 641 3582 meosigillo,
675 3500 727 3563 die
761 3521 836 3563 vero
871 3500 938 3564 HI.
971 3499 1170 3579 Decembris,
1194 3499 1300 3562 XIII.
1325 3499 1410 3561 indi-

227 3587 350 3650 ctionis.

333 3729 478 3794 Humilis
502 3737 535 3795 et
559 3753 708 3796 reverens
732 3733 916 3796 sanctitatis
941 3741 1046 3796 vestre
1069 3731 1156 3796 filius

681 3849 856 3912 Ladizlaus

375 3983 432 4024 rex
456 3961 638 4044 Hungarie,
663 3963 849 4028 Jerusalem
874 3969 906 4027 et
930 3963 1039 4029 Sicilie
1065 3970 1124 4027 etc.

333 4120 486 4173 Kitlcztm:
514 4121 692 4175 sanctissimo
721 4121 749 4174 in
778 4122 887 4174 Christo
914 4122 990 4189 patri
1009 4125 1038 4174 et
1057 4121 1271 4175 clementissimo
1297 4123 1410 4175 domino

225 4208 286 4242 meo
317 4191 428 4244 domino
456 4193 621 4246 innocencio
650 4193 747 4246 divina
774 4193 953 4261 providentia
979 4211 1051 4262 pape
1079 4195 1207 4262 septimo,
1235 4201 1409 4248 sacrosancte

225 4267 349 4316 Romane
368 4281 400 4316 ac
419 4264 585 4317 universalis
604 4265 719 4318 ecclesie
739 4265 901 4334 dignissimo
922 4282 1029 4318 summo
1048 4266 1183 4334 pontifici,

333 4407 495 4473 (Eredetije,
525 4425 541 4460 6
559 4407 692 4475 hartyara
711 4412 839 4476 nyomott
858 4411 951 4476 pocse‘t
970 4411 1129 4476 nyomaival
1148 4428 1163 4462 a
1183 4409 1258 4463 be'csi
1278 4428 1313 4463 cs.
1335 4414 1362 4462 os
1381 4412 1408 4464 k.

225 4477 325 4530 udvari
344 4481 371 4531 es
391 4479 487 4532 allami
506 4480 687 4534 leve'ltarban.
708 4481 831 4548 Spalatoi
850 4480 1032 4548 iromanyoh.)
