3436 5500
319 440 358 498 16
814 447 1001 498 ornnvtnris

316 635 376 700 sub
402 641 457 697 tuo
482 634 568 698 felici
586 635 751 716 regimine,
778 636 885 715 gratia
910 635 971 698 tibi
994 635 1168 698 assistente
1185 635 1304 710 divina,
1324 636 1502 700 salubriter

317 731 348 787 et
373 744 523 806 prospere
548 724 709 804 dirigetur
734 730 893 806 grataque
917 725 951 786 in
976 723 1096 786 eisdem
1120 725 1346 805 spiritualibus
1366 732 1398 789 et
1420 733 1501 788 tem-

316 815 485 896 poralibus
519 813 672 894 suscipiet
705 813 915 877 incrementa.
949 811 1109 894 Quocirca
1144 813 1332 878 discretioni
1363 823 1419 879 tue
1442 837 1501 898 per

316 904 491 985 :qiostolica
512 904 634 985 scripta
654 903 856 982 mandamus,
872 909 1034 984 quatenus
1051 903 1238 985 impositum
1256 904 1317 967 tibi
1334 926 1354 968 a
1370 905 1501 970 domino

316 1017 396 1057 onus
429 993 596 1075 regiminis
628 993 714 1056 dicte
747 993 879 1056 ecclesie
911 993 1089 1074 suscipiens
1123 1000 1308 1058 reverenter
1340 995 1384 1059 sic
1411 1001 1441 1058 te
1465 997 1500 1058 in

316 1084 385 1146 eius
418 1103 497 1146 cura
530 1082 706 1146 salubriter
740 1083 920 1146 exercenda
954 1082 1144 1164 diligentem
1169 1083 1320 1148 exhibeas
1344 1091 1375 1146 et
1400 1085 1499 1148 etiam

318 1173 507 1251 studiosum,
534 1172 621 1254 quod
645 1173 779 1240 eeclesia
802 1173 872 1254 ipsa
897 1173 1109 1254 gubernatori
1133 1173 1267 1254 provido
1285 1181 1317 1237 et
1334 1173 1501 1238 fructuoso

316 1263 577 1326 administratori
606 1262 749 1344 gaudeat
782 1283 813 1324 se
847 1263 1059 1338 commissam,
1099 1267 1201 1342 tuque
1240 1270 1350 1344 preter
1388 1272 1500 1328 eterne

317 1353 544 1416 retributionis
577 1354 738 1434 premium
770 1359 915 1416 nostram
940 1359 981 1436 et
1006 1352 1092 1415 dicte
1125 1352 1209 1415 sedis
1241 1353 1499 1416 benedictionem

316 1449 348 1506 et
373 1443 513 1524 gratiam
543 1442 659 1505 exinde
693 1441 824 1505 uberius
857 1442 1008 1523 consequi
1042 1442 1204 1506 merearis.
1237 1440 1362 1504 Datum
1396 1443 1500 1508 Rome

315 1531 402 1613 {iliud
428 1538 579 1596 sanctum
602 1531 739 1595 Petrum
766 1533 862 1593 tertio
888 1553 988 1594 nonas
1016 1531 1100 1596 Maii
1127 1553 1211 1595 anno
1238 1533 1383 1612 septimo.

423 1694 456 1748 (A
486 1688 613 1740 vatikani
642 1688 823 1740 leveltarban.
853 1673 975 1757 Regesta
1003 1688 1149 1740 Bullarum
1177 1687 1308 1741 Datariae
1332 1689 1447 1741 Martini
1467 1695 1500 1740 V.

315 1765 413 1812 Arinns
433 1764 492 1812 vll.
514 1760 575 1812 Lib.
596 1765 616 1812 I.
637 1766 678 1824 A.,
700 1759 746 1812 lol.
767 1769 809 1812 46.
829 1763 861 1821 t.)

878 2015 943 2078 rx.
968 1995 970 2000 '

711 2180 806 2241 1440.
830 2176 1031 2258 szeptember
1058 2179 1106 2238 15.

317 2338 494 2403 Debioutei
520 2339 642 2403 Tamus
664 2337 865 2419 solpamodilc
889 2339 949 2402 IV.
975 2339 1094 2420 Euqcu
1123 2338 1285 2418 populna
1317 2338 1400 2421 boqp
1424 2342 1455 2400 dt
1479 2359 1500 2401 a

317 2430 494 2508 sis-asspirat
517 2429 780 2509 prepostsdpbau,
804 2429 919 2508 aielpct
942 2426 1095 2492 Evase'bet
1120 2428 1278 2509 kivrilyrve'
1298 2428 1500 2492 demittatiisu

670 2517 809 2599 alapp'da
833 2518 893 2594 biv,
917 2520 1048 2581 austae
1074 2539 1150 2600 mep.

423 2677 616 2741 Beatissimo
640 2685 742 2760 prater.
777 2677 923 2743 Devotus
947 2687 1051 2743 vestre
1080 2680 1267 2744 sanctitatis
1294 2679 1434 2743 Thomas
1460 2679 1499 2742 de

315 2769 484 2832 Debrente
508 2789 565 2849 per
588 2769 826 2832 serenissimam
852 2769 1016 2832 dominam
1040 2769 1215 2833 Elisabeth
1239 2770 1387 2850 reginam
1403 2769 1498 2831 Hun-

316 2858 404 2940 garie
436 2858 479 2921 ad
512 2859 752 2940 preposituram
792 2859 924 2922 ecclesie
958 2859 1217 2940 Vesprimiensis,
1257 2880 1319 2940 que
1354 2859 1500 2939 dignitas

315 2949 417 3010 maior
441 2955 513 3029 post
536 2947 755 3030 pontificalem
780 2970 818 3012 ac
842 2949 979 3012 electiva
996 2955 1028 3010 et
1045 2955 1160 3012 curata
1185 2949 1304 3028 existit,
1329 2955 1497 3012 vacantem

314 3061 371 3120 per
396 3039 522 3101 obitum
548 3039 712 3119 quondam
736 3038 865 3101 Nicolai
889 3039 927 3102 de
954 3039 1137 3121 Lipptovia,
1170 3039 1334 3119 quondam
1359 3037 1497 3101 familia-

314 3129 358 3192 ris
391 3127 650 3192 reverendissimi
684 3128 805 3191 domini
845 3129 1020 3192 cardinalis
1059 3127 1253 3207 Placentini,
1291 3134 1500 3210 presentat-us

315 3218 435 3295 extitit,
469 3217 560 3280 cuius
591 3219 699 3298 vigore
731 3221 959 3300 possessionem
985 3218 1096 3281 extitit
1120 3226 1295 3296 assecutus,
1329 3223 1424 3299 prout
1450 3225 1498 3280 est

315 3309 354 3370 de
378 3307 530 3389 presenti,
555 3308 683 3370 fructus
703 3308 778 3370 inde
798 3309 1022 3390 percipiendo;
1047 3309 1201 3390 dignetur
1217 3307 1374 3371 sanctitas
1391 3313 1499 3370 vestra

315 3397 412 3459 alicui
438 3398 641 3460 committere
666 3398 722 3478 qui
747 3418 878 3460 causam
902 3405 934 3460 et
959 3419 1081 3477 causas,
1116 3419 1215 3479 quam
1247 3403 1280 3460 et
1313 3417 1393 3479 quas
1426 3418 1498 3477 pre-

314 3487 404 3549 fatus
428 3487 614 3550 sanctitatis
640 3495 743 3550 vestre
769 3495 880 3550 orator
900 3487 1041 3551 Thomas
1067 3494 1173 3550 movet
1198 3508 1253 3550 seu
1277 3507 1403 3548 movere
1428 3486 1499 3547 vult

315 3585 346 3639 et
371 3573 515 3638 intendit
548 3583 661 3639 contra
695 3577 857 3657 quendam
882 3576 1097 3641 Valentinum
1124 3578 1163 3640 de
1187 3583 1298 3640 sancto
1324 3575 1411 3652 Vite,
1442 3576 1499 3656 qui

315 3666 405 3728 nulla
428 3667 549 3749 prefati
573 3667 654 3747 juris
687 3673 881 3748 patronatus
915 3688 973 3730 nec
1005 3669 1158 3748 premisse
1191 3665 1441 3748 presentationis
1466 3673 1500 3726 et

314 3756 492 3819 voluntatis
516 3757 679 3837 regiorum
704 3756 866 3820 mentione
895 3755 991 3836 lacta,
1026 3758 1147 3820 dicitur
1172 3758 1294 3820 dictam
1318 3755 1499 3838 prepositu-

315 3867 385 3908 ram
418 3847 618 3927 impetrasse,
653 3865 690 3908 rie
723 3867 831 3910 omnes
863 3846 944 3910 alios
968 3854 1001 3909 et
1025 3847 1167 3929 singulos
1201 3868 1260 3910 sua
1284 3846 1499 3908 communiter

315 3935 363 3997 vel
388 3936 515 3998 divisim
548 3937 703 3999 interesse
735 3941 898 4017 putantes,
932 3937 965 3998 in
990 3937 1177 4000 executione
1207 3935 1372 4000 citationis
1396 3936 1499 3996 norni-

314 4026 439 4089 nandos
464 4025 579 4088 audiat
604 4033 636 4088 et
660 4025 790 4088 decidat
815 4033 847 4088 et
872 4025 935 4088 fine
969 4026 1078 4090 debito
1111 4027 1273 4105 terminet,
1302 4033 1334 4088 et
1359 4026 1499 4087 constito

315 4115 354 4176 de
379 4116 468 4177 (licta
492 4115 733 4196 presentatione
766 4115 891 4177 dictum
922 4123 1028 4178 vestre
1061 4117 1247 4180 sanctitatis
1271 4122 1432 4178 oratorem
1455 4115 1497 4176 ad

315 4205 477 4285 prolatam
502 4206 740 4285 preposituram
766 4206 921 4268 instituat
938 4213 970 4268 et
987 4205 1163 4284 confirmet,
1187 4227 1224 4268 ac
1249 4225 1374 4268 omnem
1398 4204 1496 4266 aliam

315 4295 580 4374 impetrationem
604 4316 661 4375 per
685 4295 808 4357 dictum
822 4293 1037 4358 Valentinum
1062 4295 1247 4358 autolium
1271 4313 1497 4374 quemcunque

315 4393 427 4460 casset,
463 4391 590 4446 revocet
623 4391 655 4446 et
688 4385 845 4462 annullet,
880 4405 917 4448 ac
950 4407 1064 4464 cassas,
1098 4386 1209 4447 irritas
1234 4391 1266 4446 et
1291 4383 1396 4445 nullas
1430 4404 1498 4446 esse

316 4473 467 4550 vleelaret,
492 4473 614 4535 dictam
635 4476 873 4555 preposituram
894 4475 1038 4554 eandem,
1057 4481 1093 4537 ut
1109 4474 1313 4556 premittitur
1328 4480 1496 4536 vacantem

314 4571 372 4626 aut
397 4563 460 4626 alio
486 4564 693 4643 ‹provismodo
716 4571 775 4626 aut
792 4586 829 4626 ex
847 4565 982 4627 alterius
1008 4563 1264 4644 cuiusquumque
1284 4584 1419 4644 persona
1438 4573 1498 4628 arat
