3436 5500
452 472 472 510 1
494 469 617 510 unsrun
640 471 699 511 ma.
723 471 854 512 suerunt
876 471 930 512 soc
953 459 1181 514 rossemanum.
1339 449 1412 498 ΧΠῙ
1485 459 1487 464 ’

223 639 369 722 dignum,
402 648 435 706 et
459 642 501 707 ad
524 641 727 726 prebendum
751 641 875 708 Ohristi
903 641 1056 710 fidelibus
1082 645 1300 710 necessarium
1324 646 1412 712 salu-

225 733 361 814 tareque
385 731 568 816 exemplum
592 739 706 816 aptum
730 754 798 798 sese
822 735 972 798 futurum
1004 741 1165 816 presteret
1197 731 1298 816 (sic),·
1331 755 1412 817 qua·

222 828 357 902 propter
389 842 446 885 nos
478 823 530 904 jus
562 828 758 905 patronatus
790 831 940 888 nostrum
972 824 1106 906 regium,
1137 823 1224 908 quod
1248 825 1290 889 ad
1315 823 1411 904 oolla-

224 908 348 974 oionem
372 911 578 994 prepositure
601 912 733 976 ecclesie
750 913 790 976 de
806 912 831 978 J
832 934 928 994 azow,
944 913 1068 978 ordinis
1086 912 1411 994 Premenstratensis,

223 998 256 1062 in
282 1001 442 1065 comitatu
467 1000 685 1084 Wywariensi
709 1001 831 1082 habite,
865 1001 951 1085 quod
986 1003 1117 1086 quidem
1140 1003 1192 1086 jus
1215 1009 1412 1086 patronatus

222 1094 380 1166 nostrum,
414 1090 511 1155 sicuti
544 1090 578 1154 in
612 1090 685 1156 aliis
717 1091 867 1156 omnibns
894 1091 992 1157 huius
1015 1091 1108 1174 regni
1131 1093 1235 1158 nostri
1259 1092 1410 1172 ecclesiis,

222 1177 329 1244 instar
362 1179 511 1244 divorum
543 1179 808 1261 predecessorum
846 1182 1040 1262 nostrorum,
1078 1201 1193 1264 regum
1227 1179 1411 1266 Hungarie,

224 1268 273 1332 ita
296 1268 399 1332 eciam
422 1269 456 1332 in
480 1269 550 1352 ipsa
573 1270 781 1352 prepositura
805 1270 845 1334 de
868 1269 989 1350 Janow,
1015 1271 1182 1352 habemns,
1215 1271 1312 1336 simul
1336 1293 1410 1336 cum

222 1359 427 1440 proteccione
451 1365 484 1422 et
507 1359 613 1422 tutela
646 1359 798 1440 eiusdem,
831 1360 865 1424 111
889 1360 999 1425 fideles
1024 1367 1152 1426 nostros
1175 1361 1353 1444 prudentes
1377 1368 1410 1424 et

223 1446 495 1532 circumspectum
528 1448 677 1531 judicem,
710 1450 837 1531 juratos
860 1455 893 1514 et
916 1455 1040 1514 ceteros
1063 1451 1147 1514 cives
1170 1455 1298 1516 nostros
1332 1448 1410 1516 Oas-

222 1537 390 1618 sovienses,
423 1537 665 1620 eorundemque
696 1539 863 1626 universas
895 1539 1105 1623 posteritates
1138 1547 1171 1604 et
1203 1559 1410 1619 successores,

221 1627 453 1710 premissorum
474 1627 644 1692 racionnm
666 1627 801 1708 intuitu,
825 1629 933 1711 ipsum
956 1629 1043 1692 idem
1065 1629 1314 1712 juspatronatns
1337 1650 1409 1711 per·

221 1721 320 1799 petuo
345 1717 498 1781 duximus
522 1716 795 1799 transferendum,
819 1726 920 1801 atque
947 1718 1035 1782 idem
1066 1719 1195 1798 eisdem,
1227 1718 1267 1782 de
1297 1728 1411 1784 nostre

222 1806 311 1889 regie
334 1807 508 1890 potestatis
531 1806 736 1890 plenitudine
759 1807 1009 1890 conferendum
1033 1813 1215 1872 annuentes
1239 1814 1412 1872 cleonae·

222 1895 335 1961 dentes
359 1896 472 1974 eidem,
488 1901 522 1960 et
547 1902 782 1978 consequenter
805 1895 903 1961 dictis
926 1897 1051 1963 civibus
1074 1897 1195 1962 nostris
1218 1895 1414 1962 Caesoniam·

221 1984 320 2055 sibus,
344 1993 382 2050 ut
405 2008 424 2049 a
448 1985 543 2050 modo
567 1986 601 2049 in
621 1991 788 2068 posterum
812 1992 845 2050 et
868 1987 1002 2052 inantea
1026 1987 1148 2052 futuris
1172 2007 1298 2069 semper
1327 1993 1409 2051 tem-

221 2075 356 2156 poribus
391 2071 559 2154 universis,
593 2077 885 2158 quocienscumque
918 2077 1055 2140 eandem
1078 2097 1193 2142 vacare
1225 2075 1414 2158 contigerit,¹

223 2164 523 2229 tociens'idoneum
546 2165 747 2247 prepositum
771 2165 853 2229 dicti
876 2165 1008 2245 ordinis
1042 2187 1138 2248 quem
1162 2165 1333 2246 voluerint,
1366 2166 1409 2230 ad

223 2255 359 2318 eandem
383 2254 502 2336 eligere
526 2263 560 2318 et
583 2254 760 2336 nominare,
784 2274 822 2317 ec
845 2255 894 2319 illi
917 2255 971 2318 cui
994 2256 1132 2320 interest
1160 2253 1409 2320 confirmacione

221 2341 298 2422 (sic)
330 2350 520 2426 presentare
553 2343 701 2425 valeant;
734 2351 767 2408 et
800 2345 887 2426 qnod
921 2343 997 2408 talis
1019 2365 1077 2428 per
1101 2345 1208 2427 ipsum
1240 2345 1409 2409 dominum

222 2433 416 2516 episcopum,
441 2439 473 2497 et
498 2439 741 2515 consequenter,
765 2440 804 2497 ut
826 2433 1002 2516 prefertur,
1025 2453 1084 2518 per
1106 2433 1269 2517 prefatam
1295 2434 1409 2499 civita·
1447 2515 1448 2523 ἵ

222 2527 287 2586 tem
326 2528 470 2588 nostram
511 2520 753 2588 (lassoviensem
792 2523 960 2606 eligendus
994 2531 1027 2588 et
1058 2523 1283 2604 nominandus,
1321 2524 1410 2588 inira

222 2619 350 2695 tempus
373 2612 414 2676 ad
439 2612 499 2676 hoo
523 2633 543 2676 a
565 2613 638 2694 jure
671 2618 843 2694 statutum,
877 2610 1028 2678 habitum
1056 2613 1136 2678 dicti
1160 2613 1284 2678 ordinis
1308 2613 1409 2678 susci·

221 2723 298 2784 pere
322 2709 355 2766 et
378 2702 523 2781 induere,
557 2701 590 2765 in
619 2701 754 2785 ipsaque
786 2701 994 2786 prepositura
1026 2703 1232 2786 presbyteros
1265 2703 1409 2768 eiusdem

222 2791 346 2856 ordinis
379 2789 579 2856 sufficientes
613 2798 732 2871 tenere,
765 2792 915 2874 bonaque
947 2799 981 2858 et
1012 2792 1227 2876 possessiones
1263 2793 1408 2857 eiusdem

221 2882 425 2965 prepositure
449 2877 582 2945 minime
606 2881 773 2964 dissipare,
806 2881 952 2964 quinimo
975 2902 1013 2946 ea
1036 2902 1095 2965 pro
1118 2881 1244 2947 viribus
1275 2902 1408 2965 recupe-

221 2991 296 3036 rare
320 2979 353 3035 et
375 2969 527 3035 omnibus
550 2971 654 3036 modis
677 2991 867 3035 conservare
891 2977 924 3034 et
946 2977 1160 3036 manutenere
1185 2971 1311 3050 debeat,
1337 2992 1409 3054 pre-

222 3061 377 3144 fatusque
411 3055 560 3124 dominus
592 3061 761 3144 episeopus
794 3067 827 3124 et
859 3069 1103 3143 consequenter,
1135 3060 1266 3143 prefata
1294 3061 1409 3125 civitas

221 3157 334 3216 nostra
366 3147 585 3216 Oassoviensis
617 3150 742 3233 possint
778 3149 880 3214 libere
919 3169 1012 3214 omne
1043 3150 1096 3232 jus
1127 3151 1342 3233 protecoionis
1374 3156 1409 3214 et

222 3240 419 3305 defensionis
442 3240 519 3306 talis
542 3239 699 3323 prepositi
723 3241 769 3304 sio
792 3239 896 3318 electi,
919 3240 1146 3323 bonorumque
1168 3239 1313 3304 eiusdem
1335 3259 1409 3322 pre-

221 3331 367 3413 positure
391 3350 517 3412 semper
540 3329 662 3394 habere
685 3337 718 3394 et
742 3349 899 3410 exercere,
928 3337 1097 3412 tamqnam
1121 3330 1188 3394 veri
1212 3336 1246 3394 et
1269 3329 1409 3412 legitimi

221 3419 353 3502 patroni
377 3424 410 3482 et
432 3425 642 3501 protectores,
674 3419 798 3502 absque
823 3425 936 3483 nostra
960 3419 1027 3482 ulla
1051 3426 1083 3484 et
1107 3439 1329 3484 successorum
1351 3440 1409 3483 110-

222 3516 366 3574 strorum
389 3508 440 3571 vel
463 3508 599 3574 alterius
627 3507 859 3590 cuiuscumque
892 3507 1171 3587 contradiooione3
1203 3509 1268 3572 imo
1300 3514 1409 3574 trans·

221 3599 365 3676 ierimus,
389 3598 594 3678 conferimus,
612 3599 853 3682 annuimusque
869 3604 903 3662 et
918 3597 1132 3678 concedimus,
1148 3597 1264 3662 harum
1281 3604 1408 3663 nostra-

222 3710 306 3768 rum,
338 3687 444 3770 sigillo
476 3694 597 3768 nostr0,
628 3709 692 3771 quo
716 3694 755 3751 nt
777 3708 835 3750 rex
858 3687 1033 3770 Hungarie
1056 3687 1182 3752 utimur
1205 3687 1411 3770 impendenti

221 3778 424 3842 munitarum
457 3775 568 3859 vigore
591 3783 624 3842 et
639 3777 834 3856 „testimonio
861 3777 1050 3842 litterarum
1076 3777 1248 3841 mediante.
1281 3776 1412 3842 Datum

222 3867 317 3932 Bude
350 3868 384 3930 in
417 3867 502 3931 festo
540 3865 735 3932 ascensionis
774 3867 906 3946 domini,
944 3887 1030 3931 anno
1062 3866 1206 3931 eiusdem
1238 3865 1411 3932 millesimo

223 3956 484 4040 quingentesimo
507 3963 630 4036 octavo,
654 3977 829 4040 regnorum
854 3963 1041 4021 nostrorum
1070 3955 1245 4039 Hungarie
1268 3963 1328 4021 etc.
1353 3957 1407 4021 de·

222 4046 305 4112 cimo
329 4053 452 4125 octavo,
475 4045 632 4111 Bohemie
654 4067 729 4111 vero
753 4045 916 4110 tricesimo
939 4052 1061 4110 octauo.

330 4169 534 4237 Wladislaus
558 4194 634 4276 rex,

353 4283 452 4325 manu
468 4283 608 4344 proprm.

222 4492 235 4542 t
286 4495 303 4543 b
330 4419 490 4554 (Eisdetijp,
509 4421 638 4488 hdrtyan,
659 4421 746 4488 siggo
765 4418 907 4486 pecsettel,
922 4420 1009 4471 Kassa
1028 4435 1062 4470 sz.
1076 4423 1103 4471 k.
1116 4415 1198 4470 viros
1217 4421 1303 4471 titkos
1322 4419 1407 4472 level·

236 4492 284 4542 ard
305 4507 349 4544 an.
379 4513 396 4544 ¹.
418 4499 462 4544 59.
887 4521 890 4529 ·
