3436 5500
432 465 450 501 1
474 463 596 501 naevia
620 463 679 500 xm.
703 463 833 502 xsexusr
857 462 910 502 tos
933 451 1160 504 adartensium.
1341 445 1380 504 al

196 635 307 714 macie,
332 633 466 700 Oroacie
490 655 527 697 ac
552 633 656 696 tocius
680 631 849 697 Sclavenie
877 633 990 714 banus,
1025 632 1136 699 Simon
1168 636 1208 699 de
1241 635 1381 699 Paloucz

195 725 352 806 magister
375 745 555 806 agasonum
578 723 745 804 regalium,
770 723 914 787 Michael
934 721 1063 806 Orzaag
1086 725 1175 806 regie
1197 725 1378 789 maiestatis

197 815 430 893 thesaurarius,
464 813 634 876 Emericus
658 812 698 875 de
721 813 889 894 Marczaly
913 833 1017 878 comes
1042 813 1252 896 simigiensis,
1278 817 1380 879 eciam

194 926 292 986 penes
324 903 450 967 dictum
483 902 649 965 dominum
683 908 832 965 nostrum
864 923 981 984 regem,
1024 903 1057 966 iu
1091 904 1188 968 verbo
1220 903 1381 985 veritatis,

195 993 422 1076 supradictum
446 991 614 1056 dominnm
638 992 777 1055 electum
800 1013 1031 1072 assecuramus,
1066 999 1098 1056 et
1132 1015 1189 1076 pro
1212 995 1301 1059 dicto
1323 995 1380 1058 do·

194 1084 281 1147 mino
305 1082 489 1147 Mathkone
522 1081 606 1145 bano
639 1081 871 1164 promittimus,
906 1082 992 1164 quod
1025 1082 1112 1146 idem
1138 1084 1242 1148 banus
1266 1084 1379 1148 huius-

194 1173 281 1236 modi
313 1193 372 1236 sua
404 1169 562 1254 promissa
594 1176 785 1252 supratacta
809 1175 842 1234 et
865 1171 931 1235 alia
963 1193 1026 1253 qne
1050 1173 1084 1234 in
1106 1173 1228 1236 litteris
1262 1174 1378 1237 exinde

193 1262 349 1326 confectis
372 1261 584 1326 continentur
613 1259 791 1324 efficaciter
823 1261 1025 1342 adimplebit.
1059 1261 1100 1325 In
1124 1284 1263 1344 quorum
1287 1263 1378 1327 testi-

193 1353 336 1416 monium
360 1349 566 1433 presentibus
589 1350 698 1432 sigilla
721 1356 833 1414 nostra
859 1349 1011 1414 duximus
1035 1352 1234 1434 apponenda.
1252 1352 1378 1416 Datum
1403 1395 1404 1398 =

193 1449 231 1506 ut
254 1463 361 1524 supra.

299 1597 460 1662 (EredetiJ'e,
489 1598 597 1664 melyen
617 1596 727 1650 Ultszld
747 1595 846 1662 kiraly,
875 1613 905 1647 az
924 1594 991 1664 egri,
1018 1595 1131 1648 esanadi
1150 1598 1177 1648 es
1196 1596 1294 1648 varadi
1313 1602 1376 1663 piis-

190 1669 292 1738 pokok,
321 1669 417 1734 Ujlaki
445 1668 555 1734 Miklds,
583 1667 723 1720 Thalldczi
751 1669 827 1719 Mate
846 1671 874 1720 es
894 1669 995 1736 Orszag
1024 1667 1132 1734 Mihsly
1150 1667 1271 1734 pecse'tei
1300 1685 1375 1738 meg-

189 1742 310 1806 vannak,
330 1759 346 1793 a
364 1741 439 1794 becsi
459 1758 494 1792 cs.
515 1743 542 1810 es
561 1741 588 1792 k.
608 1739 703 1792 allami
723 1739 917 1800 leveltarban.)

737 2029 838 2096 XIV.

637 2194 732 2254 1441.
757 2190 856 2273 jelius
883 2194 934 2252 aa

186 2353 311 2416 Bdrctu
328 2350 448 2414 Miletos
471 2349 672 2432 folpcmodile
686 2351 747 2414 IV.
763 2351 883 2434 Eupoli
903 2349 1065 2430 populeos,
1089 2349 1173 2431 bopp
1188 2353 1220 2412 ot
1236 2369 1256 2414 o
1271 2349 1373 2414 berdu-

185 2439 422 2524 febe'reppbctsi
441 2439 674 2521 plebduidbuu,
698 2441 813 2521 mclpet
834 2439 966 2505 Utdseto‘
981 2437 1092 2522 11111111
1116 2439 1256 2522 toppum
1278 2459 1372 2503 uece-

497 2533 565 2594 re‘se
589 2529 729 2612 ulcpjdu
753 2529 813 2608 bc'r,
836 2531 967 2594 erdsttse
991 2549 1067 2612 111611.

294 2693 487 2758 Beatissimo
500 2699 604 2776 pater.
621 2693 771 2759 Vacante
786 2691 985 2774 parrochiali
1001 2692 1135 2757 ecclesia
1151 2693 1246 2757 beate
1262 2691 1371 2756 Marie

185 2782 336 2865 Virginis
359 2782 447 2847 Albe
470 2783 505 2845 in
528 2783 749 2864 promontorio
781 2787 875 2844 extra
907 2803 1016 2846 muros
1049 2782 1218 2846 Budenses
1246 2779 1371 2864 Strigo-

185 2873 307 2936 niensis
340 2872 475 2936 diocesis
508 2893 567 2954 per
599 2872 725 2936 obitum
763 2871 927 2954 quondam
959 2871 1122 2935 Johannis
1155 2871 1370 2953 Woydamon,

185 2969 279 3028 extra
311 2963 494 3026 Romanam
526 2961 652 3026 curiam
683 2961 838 3040 defuncti,
872 2961 1006 3026 devotus
1046 2961 1231 3025 sanctitatis
1264 2968 1369 3026 vestre

184 3053 341 3116 Nicolaus
366 3053 477 3116 Baran
511 3057 588 3114 actu
620 3051 782 3133 presbiter
813 3051 950 3114 eandem
974 3051 1149 3130 ecclesiam,
1174 3072 1214 3116 ex
1237 3072 1368 3131 presen-

184 3143 311 3206 tatione
342 3141 540 3205 devotissimi
570 3140 629 3204 filii
662 3141 849 3204 sanctitatis
872 3147 978 3204 vestre
1002 3146 1033 3203 et
1057 3140 1189 3204 ecclesie
1221 3140 1367 3204 Romane

185 3231 362 3295 Wladislai
386 3231 471 3312 regis
495 3231 642 3312 Ungarie
666 3237 725 3294 etc.
751 3236 909 3311 tanquam
936 3230 1073 3310 legitimi
1096 3230 1260 3294 collatoris
1284 3231 1367 3294 eius·

184 3321 266 3400 dem,
291 3343 364 3384 cum
397 3321 500 3402 regali
532 3321 728 3404 possessione
761 3326 928 3383 assecutus
960 3319 1081 3399 existit,
1119 3321 1196 3383 licet
1233 3326 1367 3402 propter

184 3416 263 3474 tunc
288 3432 401 3493 graves
426 3431 560 3492 guerras
584 3432 646 3492 que
670 3410 703 3473 in
728 3409 783 3473 illo
806 3410 876 3473 loco
892 3409 1046 3491 vigebant
1070 3431 1128 3492 per
1150 3409 1213 3473 loci
1236 3410 1367 3473 ordina-

183 3501 269 3564 rium
302 3521 366 3563 non
399 3501 509 3582 potuit
536 3501 665 3563 institui
690 3505 723 3562 et
746 3499 903 3577 investiri,
935 3499 1068 3562 dubitat
1100 3505 1272 3582 propterea
1297 3501 1366 3582 ipse

182 3590 339 3654 Nicolaus
372 3589 535 3672 predictas
567 3589 844 3671 presentationem
877 3596 909 3652 61
943 3589 1177 3653 assecutionem
1201 3609 1239 3652 ex
1268 3590 1365 3653 certis

181 3681 289 3744 causis
313 3680 436 3744 viribus
460 3701 524 3743 non
548 3679 733 3743 subsistere.
766 3677 937 3761 Supplicat
971 3678 1074 3761 igitur
1102 3677 1269 3741 humiliter
1293 3699 1365 3742 san-

181 3770 293 3843 ctitati
326 3776 431 3833 vestre
454 3768 601 3851 prefatus
624 3767 789 3848 NicolanS,
816 3774 978 3850 quatenus
1003 3768 1032 3832 ei
1056 3768 1095 3831 de
1119 3769 1207 3831 dicta
1231 3768 1365 3832 ecclesia

180 3858 380 3940 parrochiali
411 3860 507 3923 beate
539 3858 648 3922 Marie
671 3858 768 3938 Albe,
793 3858 884 3921 cuius
909 3858 1037 3920 fructus
1062 3863 1121 3922 etc.
1146 3857 1256 3920 decem
1280 3879 1363 3921 mar·

180 3949 317 4011 charum
350 3949 478 4030 argenti
511 3949 674 4012 communi
706 3947 918 4012 extimatione
946 3947 1088 4010 valorem
1120 3968 1266 4010 annuum
1299 3969 1363 4011 non

180 4038 352 4118 excedunt,
376 4039 442 4102 sive
466 4044 504 4101 ut
526 4038 740 4120 premittitur,
773 4037 839 4101 sive
871 4037 952 4101 alias
985 4036 1215 4119 quovismodo
1241 4044 1299 4100 aut
1325 4059 1364 4100 ex

180 4128 318 4192 alterins
351 4127 572 4208 cuiuscunque
605 4149 742 4210 persona
774 4127 840 4191 sive
863 4148 921 4209 per
946 4125 1083 4190 liberam
1110 4125 1363 4207 resignationem

177 4217 320 4280 alicuius
354 4217 393 4280 de
425 4217 482 4280 illa
514 4216 548 4279 in
581 4217 670 4280 dicta
703 4217 793 4281 curia
819 4217 867 4279 vol
901 4222 995 4280 extra
1027 4237 1098 4279 eam
1131 4217 1230 4279 etiam
1254 4237 1362 4280 coram

179 4307 309 4371 notario
335 4313 367 4370 et
391 4307 531 4371 testibus
554 4312 668 4388 sponte
694 4305 815 4369 factam
832 4312 923 4370 vacet
947 4312 1006 4369 aut
1029 4304 1214 4386 specialiter
1237 4305 1286 4368 vel
1310 4328 1363 4389 ge-

178 4396 338 4460 neraliter
361 4403 536 4475 reservata,
561 4396 721 4476 devoluta,
740 4396 823 4459 etin
839 4395 969 4477 prefata
993 4395 1084 4459 curia
1100 4397 1150 4459 vel
1174 4401 1267 4459 extra
1291 4417 1361 4458 eam

176 4485 324 4568 litigiosa
342 4487 393 4564 sit,
412 4485 480 4551 litis
496 4490 620 4550 statum
637 4492 696 4551 etc.
714 4485 892 4568 dignemini
917 4485 1170 4549 misericorditer
1192 4485 1365 4568 providere

175 4575 218 4639 de
243 4596 334 4655 novo,
358 4597 432 4638 cum
455 4597 519 4640 non
544 4575 752 4640 obstantibus
777 4582 809 4638 et
833 4574 987 4638 clausulis
1008 4575 1185 4657 oportunis
1212 4613 1249 4622 -
1277 4573 1362 4639 Ocn-
