<?xml version="1.0" encoding="UTF-8"?>
<!DOCTYPE html PUBLIC "-//W3C//DTD XHTML 1.0 Transitional//EN"
    "http://www.w3.org/TR/xhtml1/DTD/xhtml1-transitional.dtd">
<html xmlns="http://www.w3.org/1999/xhtml" xml:lang="en" lang="en">
 <head>
  <title>
</title>
<meta http-equiv="Content-Type" content="text/html;charset=utf-8" />
  <meta name='ocr-system' content='tesseract 3.04.00' />
  <meta name='ocr-capabilities' content='ocr_page ocr_carea ocr_par ocr_line ocrx_word'/>
</head>
<body>
  <div class='ocr_page' id='page_1' title='image "./oklevltramagyar00frakgoog_0301.png"; bbox 0 0 3472 5494; ppageno 0'>
   <div class='ocr_carea' id='block_1_1' title="bbox 305 435 992 496">
    <p class='ocr_par' dir='ltr' id='par_1_1' title="bbox 305 435 992 496">
     <span class='ocr_line' id='line_1_1' title="bbox 305 435 992 496; baseline -0.003 0"><span class='ocrx_word' id='word_1_1' title='bbox 305 435 371 496; x_wconf 88' lang='grc'><strong>270</strong></span> <span class='ocrx_word' id='word_1_2' title='bbox 803 440 992 494; x_wconf 77' lang='lat' dir='ltr'><strong>ornnvnsrls</strong></span> 
     </span>
    </p>
   </div>
   <div class='ocr_carea' id='block_1_2' title="bbox 303 619 1493 802">
    <p class='ocr_par' dir='ltr' id='par_1_2' title="bbox 303 619 1493 802">
     <span class='ocr_line' id='line_1_2' title="bbox 415 619 1493 708; baseline -0.003 -17"><span class='ocrx_word' id='word_1_3' title='bbox 415 630 465 692; x_wconf 90' lang='grc'><strong>21.</strong></span> <span class='ocrx_word' id='word_1_4' title='bbox 491 619 640 690; x_wconf 85' lang='lat' dir='ltr'><strong>Secundo</strong></span> <span class='ocrx_word' id='word_1_5' title='bbox 665 647 742 690; x_wconf 90' lang='lat' dir='ltr'><strong>usus</strong></span> <span class='ocrx_word' id='word_1_6' title='bbox 765 625 849 692; x_wconf 89' lang='lat' dir='ltr'><strong>alter</strong></span> <span class='ocrx_word' id='word_1_7' title='bbox 871 624 1108 708; x_wconf 83' lang='lat' dir='ltr'><strong>jurisdictionis</strong></span> <span class='ocrx_word' id='word_1_8' title='bbox 1127 646 1192 708; x_wconf 90' lang='lat' dir='ltr'><strong>qua</strong></span> <span class='ocrx_word' id='word_1_9' title='bbox 1208 625 1348 708; x_wconf 80' lang='lat' dir='ltr'>provisio</span> <span class='ocrx_word' id='word_1_10' title='bbox 1364 645 1493 708; x_wconf 90' lang='lat' dir='ltr'><strong>quoque</strong></span> 
     </span>
     <span class='ocr_line' id='line_1_3' title="bbox 303 710 1493 802; baseline 0 -23"><span class='ocrx_word' id='word_1_11' title='bbox 303 715 461 780; x_wconf 89' lang='lat' dir='ltr'><strong>canonica</strong></span> <span class='ocrx_word' id='word_1_12' title='bbox 479 720 608 800; x_wconf 90' lang='lat' dir='ltr'><strong>praeter</strong></span> <span class='ocrx_word' id='word_1_13' title='bbox 624 714 831 802; x_wconf 89' lang='lat' dir='ltr'><strong>collationem</strong></span> <span class='ocrx_word' id='word_1_14' title='bbox 846 715 962 779; x_wconf 89' lang='lat' dir='ltr'><strong>iisdem</strong></span> <span class='ocrx_word' id='word_1_15' title='bbox 981 716 1137 799; x_wconf 87' lang='lat' dir='ltr'><strong>episcopis</strong></span> <span class='ocrx_word' id='word_1_16' title='bbox 1164 710 1339 800; x_wconf 90' lang='lat' dir='ltr'><strong>(siquidem</strong></span> <span class='ocrx_word' id='word_1_17' title='bbox 1354 736 1372 779; x_wconf 93' lang='lat' dir='ltr'><strong>e</strong></span> <span class='ocrx_word' id='word_1_18' title='bbox 1389 714 1493 780; x_wconf 79' lang='lat' dir='ltr'><strong>Tran-</strong></span> 
     </span>
    </p>
   </div>
   <div class='ocr_carea' id='block_1_3' title="bbox 263 799 1495 4560">
    <p class='ocr_par' dir='ltr' id='par_1_3' title="bbox 303 799 1493 1067">
     <span class='ocr_line' id='line_1_4' title="bbox 305 799 1493 893; baseline -0.002 -23"><span class='ocrx_word' id='word_1_19' title='bbox 305 805 462 893; x_wconf 86' lang='lat' dir='ltr'><strong>sylvania</strong></span> <span class='ocrx_word' id='word_1_20' title='bbox 478 805 604 868; x_wconf 92' lang='lat' dir='ltr'><strong>nullum</strong></span> <span class='ocrx_word' id='word_1_21' title='bbox 628 810 822 887; x_wconf 88' lang='lat' dir='ltr'><strong>proventum</strong></span> <span class='ocrx_word' id='word_1_22' title='bbox 848 799 1028 887; x_wconf 89' lang='lat' dir='ltr'><strong>accipiunt)</strong></span> <span class='ocrx_word' id='word_1_23' title='bbox 1044 810 1078 869; x_wconf 90' lang='lat' dir='ltr'><strong>ct</strong></span> <span class='ocrx_word' id='word_1_24' title='bbox 1101 805 1215 887; x_wconf 89' lang='lat' dir='ltr'><strong>aliqua</strong></span> <span class='ocrx_word' id='word_1_25' title='bbox 1240 825 1281 868; x_wconf 85' lang='lat' dir='ltr'><strong>ex</strong></span> <span class='ocrx_word' id='word_1_26' title='bbox 1305 803 1493 870; x_wconf 86' lang='lat' dir='ltr'><strong>melioribus</strong></span> 
     </span>
     <span class='ocr_line' id='line_1_5' title="bbox 303 893 1493 978; baseline -0.001 -20"><span class='ocrx_word' id='word_1_27' title='bbox 303 895 450 974; x_wconf 89' lang='lat' dir='ltr'><strong>abbatia,</strong></span> <span class='ocrx_word' id='word_1_28' title='bbox 475 895 523 958; x_wconf 87' lang='lat' dir='ltr'><strong>vel</strong></span> <span class='ocrx_word' id='word_1_29' title='bbox 546 893 772 978; x_wconf 82' lang='lat' dir='ltr'><strong>praepositura</strong></span> <span class='ocrx_word' id='word_1_30' title='bbox 797 899 856 958; x_wconf 91' lang='lat' dir='ltr'><strong>aut</strong></span> <span class='ocrx_word' id='word_1_31' title='bbox 879 893 1091 958; x_wconf 71' lang='lat' dir='ltr'><strong>canonicatus</strong></span> <span class='ocrx_word' id='word_1_32' title='bbox 1115 894 1251 973; x_wconf 87' lang='lat' dir='ltr'><strong>collatis,</strong></span> <span class='ocrx_word' id='word_1_33' title='bbox 1268 915 1340 958; x_wconf 90' lang='lat' dir='ltr'><strong>cum</strong></span> <span class='ocrx_word' id='word_1_34' title='bbox 1357 893 1493 958; x_wconf 88' lang='lat' dir='ltr'><strong>honesta</strong></span> 
     </span>
     <span class='ocr_line' id='line_1_6' title="bbox 305 982 1493 1067; baseline -0.001 -19"><span class='ocrx_word' id='word_1_35' title='bbox 305 983 492 1064; x_wconf 79' lang='lat' dir='ltr'><strong>residentia,</strong></span> <span class='ocrx_word' id='word_1_36' title='bbox 518 989 551 1047; x_wconf 92' lang='lat' dir='ltr'><strong>et</strong></span> <span class='ocrx_word' id='word_1_37' title='bbox 573 982 813 1049; x_wconf 88' lang='lat' dir='ltr'><strong>sufficientibus</strong></span> <span class='ocrx_word' id='word_1_38' title='bbox 829 983 1040 1066; x_wconf 86' lang='lat' dir='ltr'><strong>proventibus</strong></span> <span class='ocrx_word' id='word_1_39' title='bbox 1056 1003 1115 1066; x_wconf 91' lang='lat' dir='ltr'><strong>pro</strong></span> <span class='ocrx_word' id='word_1_40' title='bbox 1132 983 1296 1067; x_wconf 88' lang='lat' dir='ltr'><strong>dignitate</strong></span> <span class='ocrx_word' id='word_1_41' title='bbox 1311 983 1493 1066; x_wconf 88' lang='lat' dir='ltr'><strong>episcopali.</strong></span> 
     </span>
    </p>

    <p class='ocr_par' dir='ltr' id='par_1_4' title="bbox 304 1072 1494 1782">
     <span class='ocr_line' id='line_1_7' title="bbox 415 1072 1494 1159; baseline -0.001 -21"><span class='ocrx_word' id='word_1_42' title='bbox 415 1079 466 1138; x_wconf 91' lang='grc'><strong>22.</strong></span> <span class='ocrx_word' id='word_1_43' title='bbox 491 1072 604 1137; x_wconf 79' lang='lat' dir='ltr'><strong>Tertio</strong></span> <span class='ocrx_word' id='word_1_44' title='bbox 637 1073 830 1137; x_wconf 80' lang='lat' dir='ltr'><strong>exercitium</strong></span> <span class='ocrx_word' id='word_1_45' title='bbox 853 1073 1008 1156; x_wconf 88' lang='lat' dir='ltr'><strong>providae</strong></span> <span class='ocrx_word' id='word_1_46' title='bbox 1035 1073 1210 1139; x_wconf 88' lang='lat' dir='ltr'><strong>charitatis</strong></span> <span class='ocrx_word' id='word_1_47' title='bbox 1236 1094 1314 1156; x_wconf 87' lang='lat' dir='ltr'><strong>erga</strong></span> <span class='ocrx_word' id='word_1_48' title='bbox 1339 1073 1494 1159; x_wconf 77' lang='lat' dir='ltr'><strong>Transyl·</strong></span> 
     </span>
     <span class='ocr_line' id='line_1_8' title="bbox 306 1160 1494 1246; baseline 0.002 -22"><span class='ocrx_word' id='word_1_49' title='bbox 306 1163 435 1226; x_wconf 87' lang='lat' dir='ltr'><strong>vaniam</strong></span> <span class='ocrx_word' id='word_1_50' title='bbox 468 1163 502 1226; x_wconf 96' lang='lat' dir='ltr'><strong>in</strong></span> <span class='ocrx_word' id='word_1_51' title='bbox 535 1162 668 1244; x_wconf 90' lang='lat' dir='ltr'><strong>regibus</strong></span> <span class='ocrx_word' id='word_1_52' title='bbox 701 1160 895 1244; x_wconf 88' lang='lat' dir='ltr'><strong>Hungariae</strong></span> <span class='ocrx_word' id='word_1_53' title='bbox 929 1163 1107 1246; x_wconf 92' lang='lat' dir='ltr'><strong>plurimum</strong></span> <span class='ocrx_word' id='word_1_54' title='bbox 1139 1163 1346 1228; x_wconf 88' lang='lat' dir='ltr'><strong>commendat</strong></span> <span class='ocrx_word' id='word_1_55' title='bbox 1374 1163 1494 1246; x_wconf 86' lang='lat' dir='ltr'><strong>duplex</strong></span> 
     </span>
     <span class='ocr_line' id='line_1_9' title="bbox 305 1247 1493 1338; baseline 0 -23"><span class='ocrx_word' id='word_1_56' title='bbox 305 1253 370 1316; x_wconf 91' lang='lat' dir='ltr'><strong>ista</strong></span> <span class='ocrx_word' id='word_1_57' title='bbox 403 1253 573 1334; x_wconf 88' lang='lat' dir='ltr'><strong>sagacitas.</strong></span> <span class='ocrx_word' id='word_1_58' title='bbox 602 1251 630 1316; x_wconf 91' lang='grc' dir='ltr'><strong>Ι.</strong></span> <span class='ocrx_word' id='word_1_59' title='bbox 656 1247 744 1333; x_wconf 89' lang='lat' dir='ltr'><strong>quod</strong></span> <span class='ocrx_word' id='word_1_60' title='bbox 769 1253 991 1338; x_wconf 88' lang='lat' dir='ltr'><strong>episcopatum</strong></span> <span class='ocrx_word' id='word_1_61' title='bbox 1014 1253 1115 1316; x_wconf 90' lang='lat' dir='ltr'><strong>istum</strong></span> <span class='ocrx_word' id='word_1_62' title='bbox 1139 1253 1356 1318; x_wconf 90' lang='lat' dir='ltr'><strong>communiter</strong></span> <span class='ocrx_word' id='word_1_63' title='bbox 1380 1259 1493 1317; x_wconf 91' lang='lat' dir='ltr'><strong>contu-</strong></span> 
     </span>
     <span class='ocr_line' id='line_1_10' title="bbox 305 1340 1493 1426; baseline 0.002 -22"><span class='ocrx_word' id='word_1_64' title='bbox 305 1341 405 1406; x_wconf 89' lang='lat' dir='ltr'><strong>lerint</strong></span> <span class='ocrx_word' id='word_1_65' title='bbox 423 1340 490 1405; x_wconf 90' lang='lat' dir='ltr'><strong>filio</strong></span> <span class='ocrx_word' id='word_1_66' title='bbox 510 1340 663 1405; x_wconf 89' lang='lat' dir='ltr'><strong>dioecesis</strong></span> <span class='ocrx_word' id='word_1_67' title='bbox 677 1340 990 1424; x_wconf 81' lang='lat' dir='ltr'><strong>Transylvaniensis,</strong></span> <span class='ocrx_word' id='word_1_68' title='bbox 1009 1349 1048 1406; x_wconf 93' lang='lat' dir='ltr'><strong>ut</strong></span> <span class='ocrx_word' id='word_1_69' title='bbox 1063 1363 1178 1426; x_wconf 90' lang='lat' dir='ltr'><strong>nempe</strong></span> <span class='ocrx_word' id='word_1_70' title='bbox 1194 1348 1288 1406; x_wconf 88' lang='lat' dir='ltr'><strong>tanto</strong></span> <span class='ocrx_word' id='word_1_71' title='bbox 1303 1343 1493 1426; x_wconf 88' lang='lat' dir='ltr'><strong>propensius</strong></span> 
     </span>
     <span class='ocr_line' id='line_1_11' title="bbox 306 1429 1493 1514; baseline 0.002 -19"><span class='ocrx_word' id='word_1_72' title='bbox 306 1432 340 1495; x_wconf 92' lang='lat' dir='ltr'><strong>in</strong></span> <span class='ocrx_word' id='word_1_73' title='bbox 364 1431 503 1496; x_wconf 90' lang='lat' dir='ltr'><strong>salutem</strong></span> <span class='ocrx_word' id='word_1_74' title='bbox 535 1431 756 1513; x_wconf 85' lang='lat' dir='ltr'><strong>patriotarum</strong></span> <span class='ocrx_word' id='word_1_75' title='bbox 779 1453 911 1496; x_wconf 92' lang='lat' dir='ltr'><strong>suorum</strong></span> <span class='ocrx_word' id='word_1_76' title='bbox 943 1432 1080 1498; x_wconf 83' lang='lat' dir='ltr'><strong>feratur.</strong></span> <span class='ocrx_word' id='word_1_77' title='bbox 1114 1432 1161 1498; x_wconf 90' lang='lat' dir='ltr'><strong>II.</strong></span> <span class='ocrx_word' id='word_1_78' title='bbox 1189 1429 1284 1514; x_wconf 79' lang='lat' dir='ltr'><strong>Quod</strong></span> <span class='ocrx_word' id='word_1_79' title='bbox 1309 1452 1421 1496; x_wconf 90' lang='lat' dir='ltr'><strong>eorum</strong></span> <span class='ocrx_word' id='word_1_80' title='bbox 1444 1454 1493 1497; x_wconf 89' lang='lat' dir='ltr'><strong>re·</strong></span> 
     </span>
     <span class='ocr_line' id='line_1_12' title="bbox 304 1520 1494 1604; baseline 0 -19"><span class='ocrx_word' id='word_1_81' title='bbox 304 1520 480 1585; x_wconf 87' lang='lat' dir='ltr'><strong>sidentiam</strong></span> <span class='ocrx_word' id='word_1_82' title='bbox 511 1520 719 1604; x_wconf 77' lang='lat' dir='ltr'><strong>assignarim,</strong></span> <span class='ocrx_word' id='word_1_83' title='bbox 752 1520 944 1604; x_wconf 90' lang='lat' dir='ltr'><strong>plerumque</strong></span> <span class='ocrx_word' id='word_1_84' title='bbox 976 1521 1238 1604; x_wconf 86' lang='lat' dir='ltr'><strong>praeposituram</strong></span> <span class='ocrx_word' id='word_1_85' title='bbox 1261 1521 1494 1586; x_wconf 87' lang='lat' dir='ltr'><strong>Lelessiensem</strong></span> 
     </span>
     <span class='ocr_line' id='line_1_13' title="bbox 307 1605 1494 1694; baseline 0.001 -20"><span class='ocrx_word' id='word_1_86' title='bbox 307 1605 374 1692; x_wconf 82' lang='lat' dir='ltr'><strong>(uti</strong></span> <span class='ocrx_word' id='word_1_87' title='bbox 397 1610 438 1675; x_wconf 93' lang='lat' dir='ltr'><strong>de</strong></span> <span class='ocrx_word' id='word_1_88' title='bbox 460 1611 548 1674; x_wconf 82' lang='lat' dir='ltr'><strong>facto</strong></span> <span class='ocrx_word' id='word_1_89' title='bbox 571 1605 635 1691; x_wconf 90' lang='lat' dir='ltr'><strong>est)</strong></span> <span class='ocrx_word' id='word_1_90' title='bbox 650 1605 800 1674; x_wconf 88' lang='lat' dir='ltr'><strong>viciniori</strong></span> <span class='ocrx_word' id='word_1_91' title='bbox 821 1611 1085 1694; x_wconf 79' lang='lat' dir='ltr'><strong>Transylvaniae,</strong></span> <span class='ocrx_word' id='word_1_92' title='bbox 1102 1617 1142 1675; x_wconf 93' lang='lat' dir='ltr'><strong>ut</strong></span> <span class='ocrx_word' id='word_1_93' title='bbox 1157 1632 1174 1674; x_wconf 95' lang='lat' dir='ltr'><strong>e</strong></span> <span class='ocrx_word' id='word_1_94' title='bbox 1189 1611 1371 1694; x_wconf 91' lang='lat' dir='ltr'><strong>propinquo</strong></span> <span class='ocrx_word' id='word_1_95' title='bbox 1385 1617 1494 1694; x_wconf 89' lang='lat' dir='ltr'><strong>pasto-</strong></span> 
     </span>
     <span class='ocr_line' id='line_1_14' title="bbox 308 1699 1091 1782; baseline 0.001 -18"><span class='ocrx_word' id='word_1_96' title='bbox 308 1721 360 1764; x_wconf 88' lang='lat' dir='ltr'><strong>res</strong></span> <span class='ocrx_word' id='word_1_97' title='bbox 384 1699 451 1763; x_wconf 93' lang='lat' dir='ltr'><strong>suis</strong></span> <span class='ocrx_word' id='word_1_98' title='bbox 475 1699 589 1764; x_wconf 90' lang='lat' dir='ltr'><strong>ovibus</strong></span> <span class='ocrx_word' id='word_1_99' title='bbox 612 1699 742 1764; x_wconf 80' lang='lat' dir='ltr'><strong>facilius</strong></span> <span class='ocrx_word' id='word_1_100' title='bbox 765 1702 890 1782; x_wconf 87' lang='lat' dir='ltr'><strong>possint</strong></span> <span class='ocrx_word' id='word_1_101' title='bbox 912 1700 1091 1782; x_wconf 91' lang='lat' dir='ltr'><strong>providere.</strong></span> 
     </span>
    </p>

    <p class='ocr_par' dir='ltr' id='par_1_5' title="bbox 302 1786 1495 2594">
     <span class='ocr_line' id='line_1_15' title="bbox 416 1786 1495 1873; baseline 0.001 -20"><span class='ocrx_word' id='word_1_102' title='bbox 416 1793 466 1853; x_wconf 83' lang='lat'><strong>23.</strong></span> <span class='ocrx_word' id='word_1_103' title='bbox 491 1786 618 1871; x_wconf 82' lang='lat' dir='ltr'><strong>Quarto</strong></span> <span class='ocrx_word' id='word_1_104' title='bbox 642 1789 783 1872; x_wconf 87' lang='lat' dir='ltr'><strong>episcopi</strong></span> <span class='ocrx_word' id='word_1_105' title='bbox 808 1790 906 1854; x_wconf 92' lang='lat' dir='ltr'><strong>iidem</strong></span> <span class='ocrx_word' id='word_1_106' title='bbox 927 1789 1237 1873; x_wconf 78' lang='lat' dir='ltr'><strong>Transylvanienses</strong></span> <span class='ocrx_word' id='word_1_107' title='bbox 1260 1789 1366 1854; x_wconf 87' lang='lat' dir='ltr'><strong>officio</strong></span> <span class='ocrx_word' id='word_1_108' title='bbox 1391 1791 1495 1854; x_wconf 91' lang='lat' dir='ltr'><strong>consi-</strong></span> 
     </span>
     <span class='ocr_line' id='line_1_16' title="bbox 302 1877 1495 1964; baseline 0.003 -23"><span class='ocrx_word' id='word_1_109' title='bbox 302 1877 456 1943; x_wconf 89' lang='lat' dir='ltr'><strong>liariatus</strong></span> <span class='ocrx_word' id='word_1_110' title='bbox 471 1877 554 1960; x_wconf 90' lang='lat' dir='ltr'><strong>regii</strong></span> <span class='ocrx_word' id='word_1_111' title='bbox 573 1885 650 1942; x_wconf 90' lang='lat' dir='ltr'><strong>sunt</strong></span> <span class='ocrx_word' id='word_1_112' title='bbox 674 1879 888 1960; x_wconf 88' lang='lat' dir='ltr'><strong>condecorati,</strong></span> <span class='ocrx_word' id='word_1_113' title='bbox 912 1879 1119 1962; x_wconf 89' lang='lat' dir='ltr'><strong>adhibitique</strong></span> <span class='ocrx_word' id='word_1_114' title='bbox 1142 1879 1184 1944; x_wconf 91' lang='lat' dir='ltr'><strong>ad</strong></span> <span class='ocrx_word' id='word_1_115' title='bbox 1209 1879 1341 1962; x_wconf 90' lang='lat' dir='ltr'><strong>publica</strong></span> <span class='ocrx_word' id='word_1_116' title='bbox 1363 1881 1495 1964; x_wconf 88' lang='lat' dir='ltr'><strong>negotia</strong></span> 
     </span>
     <span class='ocr_line' id='line_1_17' title="bbox 306 1968 1494 2052; baseline 0.002 -22"><span class='ocrx_word' id='word_1_117' title='bbox 306 1968 408 2050; x_wconf 92' lang='lat' dir='ltr'><strong>regni,</strong></span> <span class='ocrx_word' id='word_1_118' title='bbox 440 1968 634 2052; x_wconf 89' lang='lat' dir='ltr'><strong>praesertim</strong></span> <span class='ocrx_word' id='word_1_119' title='bbox 665 1968 700 2031; x_wconf 90' lang='lat' dir='ltr'><strong>in</strong></span> <span class='ocrx_word' id='word_1_120' title='bbox 733 1969 875 2034; x_wconf 90' lang='lat' dir='ltr'><strong>consiliis</strong></span> <span class='ocrx_word' id='word_1_121' title='bbox 898 1969 942 2033; x_wconf 90' lang='lat' dir='ltr'><strong>ad</strong></span> <span class='ocrx_word' id='word_1_122' title='bbox 971 1970 1076 2033; x_wconf 88' lang='lat' dir='ltr'><strong>instar</strong></span> <span class='ocrx_word' id='word_1_123' title='bbox 1098 1969 1238 2032; x_wconf 89' lang='lat' dir='ltr'><strong>aliorum</strong></span> <span class='ocrx_word' id='word_1_124' title='bbox 1263 1971 1494 2052; x_wconf 89' lang='lat' dir='ltr'><strong>episcoporum,</strong></span> 
     </span>
     <span class='ocr_line' id='line_1_18' title="bbox 307 2057 1495 2142; baseline 0.002 -22"><span class='ocrx_word' id='word_1_125' title='bbox 307 2057 491 2138; x_wconf 85' lang='lat' dir='ltr'><strong>tractanda,</strong></span> <span class='ocrx_word' id='word_1_126' title='bbox 508 2058 584 2122; x_wconf 89' lang='lat' dir='ltr'><strong>hinc</strong></span> <span class='ocrx_word' id='word_1_127' title='bbox 600 2078 712 2122; x_wconf 93' lang='lat' dir='ltr'><strong>eorum</strong></span> <span class='ocrx_word' id='word_1_128' title='bbox 737 2060 870 2123; x_wconf 91' lang='lat' dir='ltr'><strong>nomina</strong></span> <span class='ocrx_word' id='word_1_129' title='bbox 895 2059 982 2124; x_wconf 89' lang='lat' dir='ltr'><strong>inter</strong></span> <span class='ocrx_word' id='word_1_130' title='bbox 1007 2059 1170 2142; x_wconf 89' lang='lat' dir='ltr'><strong>episcopos</strong></span> <span class='ocrx_word' id='word_1_131' title='bbox 1190 2065 1222 2122; x_wconf 89' lang='lat' dir='ltr'><strong>et</strong></span> <span class='ocrx_word' id='word_1_132' title='bbox 1241 2064 1420 2141; x_wconf 86' lang='lat' dir='ltr'><strong>magnates,</strong></span> <span class='ocrx_word' id='word_1_133' title='bbox 1445 2059 1495 2122; x_wconf 93' lang='lat' dir='ltr'><strong>in-</strong></span> 
     </span>
     <span class='ocr_line' id='line_1_19' title="bbox 306 2144 1495 2238; baseline 0.002 -28"><span class='ocrx_word' id='word_1_134' title='bbox 306 2153 397 2210; x_wconf 85' lang='lat' dir='ltr'><strong>serta</strong></span> <span class='ocrx_word' id='word_1_135' title='bbox 422 2153 499 2211; x_wconf 91' lang='lat' dir='ltr'><strong>sunt</strong></span> <span class='ocrx_word' id='word_1_136' title='bbox 532 2144 781 2230; x_wconf 88' lang='lat' dir='ltr'><strong>diplomatibus</strong></span> <span class='ocrx_word' id='word_1_137' title='bbox 798 2148 906 2238; x_wconf 89' lang='lat' dir='ltr'><strong>regiis,</strong></span> <span class='ocrx_word' id='word_1_138' title='bbox 929 2149 1049 2230; x_wconf 89' lang='lat' dir='ltr'><strong>quibus</strong></span> <span class='ocrx_word' id='word_1_139' title='bbox 1073 2149 1159 2231; x_wconf 92' lang='lat' dir='ltr'><strong>leges</strong></span> <span class='ocrx_word' id='word_1_140' title='bbox 1191 2153 1224 2212; x_wconf 89' lang='lat' dir='ltr'><strong>et</strong></span> <span class='ocrx_word' id='word_1_141' title='bbox 1248 2153 1376 2212; x_wconf 88' lang='lat' dir='ltr'><strong>statuta</strong></span> <span class='ocrx_word' id='word_1_142' title='bbox 1399 2150 1495 2213; x_wconf 92' lang='lat' dir='ltr'><strong>comi-</strong></span> 
     </span>
     <span class='ocr_line' id='line_1_20' title="bbox 306 2236 1495 2320; baseline 0.002 -20"><span class='ocrx_word' id='word_1_143' title='bbox 306 2236 429 2300; x_wconf 89' lang='lat' dir='ltr'><strong>tiorum</strong></span> <span class='ocrx_word' id='word_1_144' title='bbox 453 2237 698 2302; x_wconf 87' lang='lat' dir='ltr'><strong>confirmantur.</strong></span> <span class='ocrx_word' id='word_1_145' title='bbox 722 2237 764 2301; x_wconf 93' lang='lat' dir='ltr'><strong>In</strong></span> <span class='ocrx_word' id='word_1_146' title='bbox 788 2239 938 2302; x_wconf 93' lang='lat' dir='ltr'><strong>omnibus</strong></span> <span class='ocrx_word' id='word_1_147' title='bbox 962 2238 1083 2302; x_wconf 90' lang='lat' dir='ltr'><strong>litteris</strong></span> <span class='ocrx_word' id='word_1_148' title='bbox 1101 2238 1208 2320; x_wconf 89' lang='lat' dir='ltr'><strong>regiis,</strong></span> <span class='ocrx_word' id='word_1_149' title='bbox 1226 2259 1310 2320; x_wconf 90' lang='lat' dir='ltr'><strong>quae</strong></span> <span class='ocrx_word' id='word_1_150' title='bbox 1325 2238 1495 2302; x_wconf 88' lang='lat' dir='ltr'><strong>continent</strong></span> 
     </span>
     <span class='ocr_line' id='line_1_21' title="bbox 308 2326 1494 2411; baseline 0.001 -21"><span class='ocrx_word' id='word_1_151' title='bbox 308 2326 440 2390; x_wconf 89' lang='lat' dir='ltr'><strong>maioris</strong></span> <span class='ocrx_word' id='word_1_152' title='bbox 468 2328 623 2391; x_wconf 90' lang='lat' dir='ltr'><strong>momenti</strong></span> <span class='ocrx_word' id='word_1_153' title='bbox 657 2327 848 2392; x_wconf 90' lang='lat' dir='ltr'><strong>donationes</strong></span> <span class='ocrx_word' id='word_1_154' title='bbox 881 2334 941 2392; x_wconf 90' lang='lat' dir='ltr'><strong>aut</strong></span> <span class='ocrx_word' id='word_1_155' title='bbox 973 2327 1145 2411; x_wconf 88' lang='lat' dir='ltr'><strong>privilegia</strong></span> <span class='ocrx_word' id='word_1_156' title='bbox 1176 2329 1302 2411; x_wconf 90' lang='lat' dir='ltr'><strong>pariter</strong></span> <span class='ocrx_word' id='word_1_157' title='bbox 1338 2328 1494 2410; x_wconf 87' lang='lat' dir='ltr'><strong>inscripta</strong></span> 
     </span>
     <span class='ocr_line' id='line_1_22' title="bbox 307 2415 1495 2500; baseline 0.002 -22"><span class='ocrx_word' id='word_1_158' title='bbox 307 2415 518 2498; x_wconf 89' lang='lat' dir='ltr'><strong>reperiuntur</strong></span> <span class='ocrx_word' id='word_1_159' title='bbox 542 2417 576 2480; x_wconf 90' lang='lat' dir='ltr'><strong>in</strong></span> <span class='ocrx_word' id='word_1_160' title='bbox 595 2416 762 2498; x_wconf 90' lang='lat' dir='ltr'><strong>Ungarica</strong></span> <span class='ocrx_word' id='word_1_161' title='bbox 781 2418 977 2482; x_wconf 89' lang='lat' dir='ltr'><strong>cancellaria</strong></span> <span class='ocrx_word' id='word_1_162' title='bbox 1000 2417 1090 2482; x_wconf 89' lang='lat' dir='ltr'><strong>inter</strong></span> <span class='ocrx_word' id='word_1_163' title='bbox 1111 2418 1250 2482; x_wconf 86' lang='lat' dir='ltr'><strong>aliorum</strong></span> <span class='ocrx_word' id='word_1_164' title='bbox 1274 2417 1405 2481; x_wconf 89' lang='lat' dir='ltr'><strong>nomina</strong></span> <span class='ocrx_word' id='word_1_165' title='bbox 1429 2419 1495 2500; x_wconf 90' lang='lat' dir='ltr'><strong>epi-</strong></span> 
     </span>
     <span class='ocr_line' id='line_1_23' title="bbox 305 2505 932 2594; baseline 0.002 -25"><span class='ocrx_word' id='word_1_166' title='bbox 305 2526 477 2589; x_wconf 85' lang='lat' dir='ltr'><strong>scoporum</strong></span> <span class='ocrx_word' id='word_1_167' title='bbox 495 2505 847 2588; x_wconf 79' lang='lat' dir='ltr'><strong>Transylvaniensium.</strong></span> <span class='ocrx_word' id='word_1_168' title='bbox 883 2589 885 2594; x_wconf 23' lang='grc' dir='ltr'>Ι</span> <span class='ocrx_word' id='word_1_169' title='bbox 930 2589 932 2593; x_wconf 19' lang='grc' dir='ltr'>ι</span> 
     </span>
    </p>

    <p class='ocr_par' dir='ltr' id='par_1_6' title="bbox 263 2592 1494 3574">
     <span class='ocr_line' id='line_1_24' title="bbox 417 2592 1494 2679; baseline 0.002 -21"><span class='ocrx_word' id='word_1_170' title='bbox 417 2598 467 2658; x_wconf 83' lang='grc'><strong>24.</strong></span> <span class='ocrx_word' id='word_1_171' title='bbox 493 2592 617 2677; x_wconf 76' lang='lat' dir='ltr'><strong>Quinto</strong></span> <span class='ocrx_word' id='word_1_172' title='bbox 641 2594 860 2678; x_wconf 82' lang='lat' dir='ltr'><strong>legationibus</strong></span> <span class='ocrx_word' id='word_1_173' title='bbox 884 2596 983 2662; x_wconf 91' lang='lat' dir='ltr'><strong>etiam</strong></span> <span class='ocrx_word' id='word_1_174' title='bbox 1008 2596 1108 2661; x_wconf 91' lang='lat' dir='ltr'><strong>iidem</strong></span> <span class='ocrx_word' id='word_1_175' title='bbox 1132 2596 1175 2660; x_wconf 90' lang='lat' dir='ltr'><strong>ad</strong></span> <span class='ocrx_word' id='word_1_176' title='bbox 1199 2617 1273 2660; x_wconf 90' lang='lat' dir='ltr'><strong>suos</strong></span> <span class='ocrx_word' id='word_1_177' title='bbox 1298 2597 1494 2679; x_wconf 80' lang='lat' dir='ltr'><strong>Transylva-</strong></span> 
     </span>
     <span class='ocr_line' id='line_1_25' title="bbox 308 2683 1494 2769; baseline 0.001 -21"><span class='ocrx_word' id='word_1_178' title='bbox 308 2705 365 2748; x_wconf 92' lang='lat' dir='ltr'><strong>nos</strong></span> <span class='ocrx_word' id='word_1_179' title='bbox 397 2684 528 2751; x_wconf 91' lang='lat' dir='ltr'><strong>nomine</strong></span> <span class='ocrx_word' id='word_1_180' title='bbox 559 2703 673 2766; x_wconf 90' lang='lat' dir='ltr'><strong>regum</strong></span> <span class='ocrx_word' id='word_1_181' title='bbox 706 2692 784 2750; x_wconf 90' lang='lat' dir='ltr'><strong>sunt</strong></span> <span class='ocrx_word' id='word_1_182' title='bbox 816 2685 932 2750; x_wconf 82' lang='lat' dir='ltr'><strong>functi.</strong></span> <span class='ocrx_word' id='word_1_183' title='bbox 966 2685 1020 2752; x_wconf 82' lang='lat' dir='ltr'><strong>Sic</strong></span> <span class='ocrx_word' id='word_1_184' title='bbox 1050 2686 1245 2751; x_wconf 80' lang='lat' dir='ltr'><strong>Franciscus</strong></span> <span class='ocrx_word' id='word_1_185' title='bbox 1271 2683 1494 2769; x_wconf 81' lang='lat' dir='ltr'><strong>Saentgyb&#39;rgy</strong></span> 
     </span>
     <span class='ocr_line' id='line_1_26' title="bbox 308 2773 1494 2858; baseline 0.001 -21"><span class='ocrx_word' id='word_1_186' title='bbox 308 2774 475 2857; x_wconf 89' lang='lat' dir='ltr'><strong>episcopus</strong></span> <span class='ocrx_word' id='word_1_187' title='bbox 509 2773 812 2856; x_wconf 81' lang='lat' dir='ltr'><strong>Transylvaniensis</strong></span> <span class='ocrx_word' id='word_1_188' title='bbox 844 2775 885 2839; x_wconf 91' lang='lat' dir='ltr'><strong>ab</strong></span> <span class='ocrx_word' id='word_1_189' title='bbox 919 2775 1150 2858; x_wconf 89' lang='lat' dir='ltr'><strong>augustissimo</strong></span> <span class='ocrx_word' id='word_1_190' title='bbox 1184 2781 1293 2840; x_wconf 91' lang='lat' dir='ltr'><strong>nostro</strong></span> <span class='ocrx_word' id='word_1_191' title='bbox 1329 2775 1494 2858; x_wconf 87' lang='lat' dir='ltr'><strong>Leopoldo</strong></span> 
     </span>
     <span class='ocr_line' id='line_1_27' title="bbox 305 2863 1492 2948; baseline 0.001 -21"><span class='ocrx_word' id='word_1_192' title='bbox 305 2885 393 2928; x_wconf 88' lang='lat' dir='ltr'><strong>anno</strong></span> <span class='ocrx_word' id='word_1_193' title='bbox 406 2867 507 2937; x_wconf 76' lang='grc'><strong>1662.</strong></span> <span class='ocrx_word' id='word_1_194' title='bbox 523 2863 641 2928; x_wconf 88' lang='lat' dir='ltr'><strong>missus</strong></span> <span class='ocrx_word' id='word_1_195' title='bbox 665 2864 698 2928; x_wconf 92' lang='lat' dir='ltr'><strong>in</strong></span> <span class='ocrx_word' id='word_1_196' title='bbox 724 2865 1002 2948; x_wconf 83' lang='lat' dir='ltr'><strong>Transylvaniam,</strong></span> <span class='ocrx_word' id='word_1_197' title='bbox 1019 2866 1143 2931; x_wconf 91' lang='lat' dir='ltr'><strong>ibidem</strong></span> <span class='ocrx_word' id='word_1_198' title='bbox 1158 2866 1192 2928; x_wconf 92' lang='lat' dir='ltr'><strong>in</strong></span> <span class='ocrx_word' id='word_1_199' title='bbox 1208 2887 1341 2929; x_wconf 89' lang='lat' dir='ltr'><strong>munere</strong></span> <span class='ocrx_word' id='word_1_200' title='bbox 1356 2865 1492 2947; x_wconf 87' lang='lat' dir='ltr'><strong>legatio-</strong></span> 
     </span>
     <span class='ocr_line' id='line_1_28' title="bbox 305 2953 1493 3042; baseline 0.001 -25"><span class='ocrx_word' id='word_1_201' title='bbox 305 2953 366 3033; x_wconf 86' lang='lat' dir='ltr'><strong>nis,</strong></span> <span class='ocrx_word' id='word_1_202' title='bbox 398 2955 500 3018; x_wconf 91' lang='lat' dir='ltr'><strong>vitam</strong></span> <span class='ocrx_word' id='word_1_203' title='bbox 529 2975 622 3018; x_wconf 91' lang='lat' dir='ltr'><strong>suam</strong></span> <span class='ocrx_word' id='word_1_204' title='bbox 645 2975 703 3036; x_wconf 91' lang='lat' dir='ltr'><strong>pro</strong></span> <span class='ocrx_word' id='word_1_205' title='bbox 728 2955 898 3042; x_wconf 85' lang='lat' dir='ltr'><strong>patriast</strong></span> <span class='ocrx_word' id='word_1_206' title='bbox 922 2954 986 3018; x_wconf 92' lang='lat' dir='ltr'><strong>Dei</strong></span> <span class='ocrx_word' id='word_1_207' title='bbox 1009 2955 1144 3019; x_wconf 87' lang='lat' dir='ltr'><strong>ecclesia</strong></span> <span class='ocrx_word' id='word_1_208' title='bbox 1167 2955 1315 3020; x_wconf 91' lang='lat' dir='ltr'><strong>tradidit.</strong></span> <span class='ocrx_word' id='word_1_209' title='bbox 1338 2954 1419 3018; x_wconf 88' lang='lat' dir='ltr'><strong>Pari</strong></span> <span class='ocrx_word' id='word_1_210' title='bbox 1441 2975 1493 3018; x_wconf 89' lang='lat' dir='ltr'><strong>ra-</strong></span> 
     </span>
     <span class='ocr_line' id='line_1_29' title="bbox 307 3043 1494 3127; baseline 0 -20"><span class='ocrx_word' id='word_1_211' title='bbox 307 3043 395 3108; x_wconf 89' lang='lat' dir='ltr'><strong>tione</strong></span> <span class='ocrx_word' id='word_1_212' title='bbox 418 3063 504 3108; x_wconf 90' lang='lat' dir='ltr'><strong>anno</strong></span> <span class='ocrx_word' id='word_1_213' title='bbox 530 3047 616 3106; x_wconf 82' lang='lat'>1598</span> <span class='ocrx_word' id='word_1_214' title='bbox 640 3043 700 3108; x_wconf 90' lang='lat' dir='ltr'><strong>sub</strong></span> <span class='ocrx_word' id='word_1_215' title='bbox 724 3043 899 3127; x_wconf 88' lang='lat' dir='ltr'><strong>Rudolpho</strong></span> <span class='ocrx_word' id='word_1_216' title='bbox 914 3043 962 3108; x_wconf 90' lang='grc' dir='ltr'><strong>ΙΙ.</strong></span> <span class='ocrx_word' id='word_1_217' title='bbox 984 3044 1172 3109; x_wconf 89' lang='lat' dir='ltr'><strong>Demetrius</strong></span> <span class='ocrx_word' id='word_1_218' title='bbox 1190 3044 1348 3127; x_wconf 89' lang='lat' dir='ltr'><strong>Napragy</strong></span> <span class='ocrx_word' id='word_1_219' title='bbox 1373 3043 1494 3127; x_wconf 90' lang='lat' dir='ltr'><strong>episco-</strong></span> 
     </span>
     <span class='ocr_line' id='line_1_30' title="bbox 306 3133 1493 3216; baseline 0.002 -20"><span class='ocrx_word' id='word_1_220' title='bbox 306 3153 369 3215; x_wconf 89' lang='lat' dir='ltr'><strong>pus</strong></span> <span class='ocrx_word' id='word_1_221' title='bbox 402 3133 704 3215; x_wconf 79' lang='lat' dir='ltr'><strong>Transylvaniensis</strong></span> <span class='ocrx_word' id='word_1_222' title='bbox 736 3155 796 3216; x_wconf 93' lang='lat' dir='ltr'><strong>pro</strong></span> <span class='ocrx_word' id='word_1_223' title='bbox 828 3154 906 3197; x_wconf 88' lang='lat' dir='ltr'><strong>suae</strong></span> <span class='ocrx_word' id='word_1_224' title='bbox 941 3134 1076 3198; x_wconf 87' lang='lat' dir='ltr'><strong>diocesis</strong></span> <span class='ocrx_word' id='word_1_225' title='bbox 1110 3134 1327 3199; x_wconf 88' lang='lat' dir='ltr'><strong>emolumento</strong></span> <span class='ocrx_word' id='word_1_226' title='bbox 1360 3139 1493 3198; x_wconf 89' lang='lat' dir='ltr'><strong>strenue</strong></span> 
     </span>
     <span class='ocr_line' id='line_1_31' title="bbox 306 3220 1493 3307; baseline 0.001 -22"><span class='ocrx_word' id='word_1_227' title='bbox 306 3223 470 3287; x_wconf 89' lang='lat' dir='ltr'><strong>laboravit</strong></span> <span class='ocrx_word' id='word_1_228' title='bbox 486 3220 596 3287; x_wconf 88' lang='lat' dir='ltr'><strong>Albae</strong></span> <span class='ocrx_word' id='word_1_229' title='bbox 614 3222 640 3286; x_wconf 91' lang='lat' dir='ltr'><strong>J</strong></span> <span class='ocrx_word' id='word_1_230' title='bbox 642 3223 736 3303; x_wconf 92' lang='lat' dir='ltr'><strong>uliae,</strong></span> <span class='ocrx_word' id='word_1_231' title='bbox 760 3243 835 3286; x_wconf 92' lang='lat' dir='ltr'><strong>cum</strong></span> <span class='ocrx_word' id='word_1_232' title='bbox 851 3225 1009 3289; x_wconf 87' lang='lat' dir='ltr'><strong>caesareis</strong></span> <span class='ocrx_word' id='word_1_233' title='bbox 1025 3224 1152 3305; x_wconf 88' lang='lat' dir='ltr'><strong>legatis,</strong></span> <span class='ocrx_word' id='word_1_234' title='bbox 1169 3224 1248 3288; x_wconf 94' lang='lat' dir='ltr'><strong>dum</strong></span> <span class='ocrx_word' id='word_1_235' title='bbox 1264 3221 1493 3307; x_wconf 84' lang='lat' dir='ltr'><strong>Sigismundus</strong></span> 
     </span>
     <span class='ocr_line' id='line_1_32' title="bbox 263 3312 1494 3396; baseline 0 -21"><span class='ocrx_word' id='word_1_236' title='bbox 263 3379 264 3382; x_wconf 8' lang='grc' dir='ltr'><strong>Ἴ</strong></span> <span class='ocrx_word' id='word_1_237' title='bbox 306 3312 460 3376; x_wconf 87' lang='lat' dir='ltr'><strong>Bathorii</strong></span> <span class='ocrx_word' id='word_1_238' title='bbox 479 3312 662 3395; x_wconf 86' lang='lat' dir='ltr'><strong>resignaret</strong></span> <span class='ocrx_word' id='word_1_239' title='bbox 687 3312 964 3394; x_wconf 78' lang='lat' dir='ltr'><strong>Transylvaniam,</strong></span> <span class='ocrx_word' id='word_1_240' title='bbox 986 3319 1023 3377; x_wconf 91' lang='lat' dir='ltr'><strong>ut</strong></span> <span class='ocrx_word' id='word_1_241' title='bbox 1039 3313 1140 3377; x_wconf 83' lang='lat' dir='ltr'><strong>refert</strong></span> <span class='ocrx_word' id='word_1_242' title='bbox 1163 3313 1320 3378; x_wconf 89' lang='lat' dir='ltr'><strong>Nicolaus</strong></span> <span class='ocrx_word' id='word_1_243' title='bbox 1343 3312 1494 3396; x_wconf 79' lang='lat' dir='ltr'><strong>Istvatnfy</strong></span> 
     </span>
     <span class='ocr_line' id='line_1_33' title="bbox 304 3399 1493 3486; baseline -0.002 -20"><span class='ocrx_word' id='word_1_244' title='bbox 304 3401 452 3484; x_wconf 87' lang='lat' dir='ltr'><strong>adeoque</strong></span> <span class='ocrx_word' id='word_1_245' title='bbox 474 3402 604 3484; x_wconf 87' lang='lat' dir='ltr'><strong>Regum</strong></span> <span class='ocrx_word' id='word_1_246' title='bbox 634 3399 800 3484; x_wconf 89' lang='lat' dir='ltr'><strong>Ungariae</strong></span> <span class='ocrx_word' id='word_1_247' title='bbox 832 3402 1010 3468; x_wconf 90' lang='lat' dir='ltr'><strong>directione</strong></span> <span class='ocrx_word' id='word_1_248' title='bbox 1033 3403 1174 3486; x_wconf 90' lang='lat' dir='ltr'><strong>episcopi</strong></span> <span class='ocrx_word' id='word_1_249' title='bbox 1197 3403 1253 3467; x_wconf 89' lang='lat' dir='ltr'><strong>isti</strong></span> <span class='ocrx_word' id='word_1_250' title='bbox 1277 3408 1493 3468; x_wconf 84' lang='lat' dir='ltr'><strong>exercuerunt</strong></span> 
     </span>
     <span class='ocr_line' id='line_1_34' title="bbox 305 3491 1370 3574; baseline 0.001 -20"><span class='ocrx_word' id='word_1_251' title='bbox 305 3513 401 3555; x_wconf 91' lang='lat' dir='ltr'><strong>usum</strong></span> <span class='ocrx_word' id='word_1_252' title='bbox 425 3491 662 3574; x_wconf 78' lang='lat' dir='ltr'><strong>jurisdictionis</strong></span> <span class='ocrx_word' id='word_1_253' title='bbox 686 3513 763 3557; x_wconf 92' lang='lat' dir='ltr'><strong>suae</strong></span> <span class='ocrx_word' id='word_1_254' title='bbox 789 3491 823 3554; x_wconf 91' lang='lat' dir='ltr'><strong>in</strong></span> <span class='ocrx_word' id='word_1_255' title='bbox 848 3493 1014 3574; x_wconf 90' lang='lat' dir='ltr'><strong>propriam</strong></span> <span class='ocrx_word' id='word_1_256' title='bbox 1039 3493 1210 3558; x_wconf 90' lang='lat' dir='ltr'><strong>dioecesim</strong></span> <span class='ocrx_word' id='word_1_257' title='bbox 1234 3493 1370 3556; x_wconf 88' lang='lat' dir='ltr'><strong>utiliter.</strong></span> 
     </span>
    </p>

    <p class='ocr_par' dir='ltr' id='par_1_7' title="bbox 303 3577 1492 4560">
     <span class='ocr_line' id='line_1_35' title="bbox 415 3577 1492 3666; baseline 0 -22"><span class='ocrx_word' id='word_1_258' title='bbox 415 3586 466 3645; x_wconf 82' lang='grc'><strong>25.</strong></span> <span class='ocrx_word' id='word_1_259' title='bbox 489 3582 593 3646; x_wconf 85' lang='lat' dir='ltr'><strong>Recte</strong></span> <span class='ocrx_word' id='word_1_260' title='bbox 620 3581 724 3664; x_wconf 88' lang='lat' dir='ltr'><strong>igitur</strong></span> <span class='ocrx_word' id='word_1_261' title='bbox 751 3581 960 3645; x_wconf 88' lang='lat' dir='ltr'><strong>concluditur</strong></span> <span class='ocrx_word' id='word_1_262' title='bbox 983 3604 1022 3646; x_wconf 89' lang='lat' dir='ltr'><strong>ex</strong></span> <span class='ocrx_word' id='word_1_263' title='bbox 1045 3577 1072 3666; x_wconf 66' lang='grc' dir='ltr'><strong>ξ.</strong></span> <span class='ocrx_word' id='word_1_264' title='bbox 1097 3583 1191 3647; x_wconf 93' lang='lat' dir='ltr'><strong>istius</strong></span> <span class='ocrx_word' id='word_1_265' title='bbox 1223 3581 1377 3664; x_wconf 86' lang='lat' dir='ltr'><strong>exemplis</strong></span> <span class='ocrx_word' id='word_1_266' title='bbox 1401 3601 1492 3664; x_wconf 87' lang='lat' dir='ltr'><strong>reges</strong></span> 
     </span>
     <span class='ocr_line' id='line_1_36' title="bbox 304 3665 1492 3755; baseline 0 -21"><span class='ocrx_word' id='word_1_267' title='bbox 304 3671 507 3753; x_wconf 89' lang='lat' dir='ltr'><strong>apostolicos,</strong></span> <span class='ocrx_word' id='word_1_268' title='bbox 530 3671 596 3752; x_wconf 85' lang='lat' dir='ltr'><strong>juri</strong></span> <span class='ocrx_word' id='word_1_269' title='bbox 619 3665 676 3735; x_wconf 89' lang='lat' dir='ltr'><strong>suo</strong></span> <span class='ocrx_word' id='word_1_270' title='bbox 701 3677 734 3734; x_wconf 89' lang='lat' dir='ltr'><strong>et</strong></span> <span class='ocrx_word' id='word_1_271' title='bbox 756 3671 975 3754; x_wconf 87' lang='lat' dir='ltr'><strong>jurisdictioni</strong></span> <span class='ocrx_word' id='word_1_272' title='bbox 998 3679 1148 3754; x_wconf 88' lang='lat' dir='ltr'><strong>respectu</strong></span> <span class='ocrx_word' id='word_1_273' title='bbox 1167 3672 1371 3755; x_wconf 89' lang='lat' dir='ltr'><strong>episcopatus</strong></span> <span class='ocrx_word' id='word_1_274' title='bbox 1388 3671 1492 3735; x_wconf 79' lang='lat' dir='ltr'><strong>Tran-</strong></span> 
     </span>
     <span class='ocr_line' id='line_1_37' title="bbox 304 3759 1491 3846; baseline 0.001 -23"><span class='ocrx_word' id='word_1_275' title='bbox 304 3760 517 3842; x_wconf 86' lang='lat' dir='ltr'><strong>sylvaniensis</strong></span> <span class='ocrx_word' id='word_1_276' title='bbox 540 3781 746 3843; x_wconf 88' lang='lat' dir='ltr'><strong>nequaquam</strong></span> <span class='ocrx_word' id='word_1_277' title='bbox 777 3762 990 3840; x_wconf 87' lang='lat' dir='ltr'><strong>renunciasse,</strong></span> <span class='ocrx_word' id='word_1_278' title='bbox 1024 3767 1084 3825; x_wconf 91' lang='lat' dir='ltr'><strong>aut</strong></span> <span class='ocrx_word' id='word_1_279' title='bbox 1115 3763 1253 3840; x_wconf 89' lang='lat' dir='ltr'><strong>cessisse,</strong></span> <span class='ocrx_word' id='word_1_280' title='bbox 1287 3761 1433 3846; x_wconf 90' lang='lat' dir='ltr'><strong>quinimo</strong></span> <span class='ocrx_word' id='word_1_281' title='bbox 1457 3759 1491 3824; x_wconf 95' lang='lat' dir='ltr'><strong>in</strong></span> 
     </span>
     <span class='ocr_line' id='line_1_38' title="bbox 306 3849 1491 3939; baseline 0.002 -27"><span class='ocrx_word' id='word_1_282' title='bbox 306 3849 450 3914; x_wconf 89' lang='lat' dir='ltr'><strong>eiusdem</strong></span> <span class='ocrx_word' id='word_1_283' title='bbox 481 3850 643 3938; x_wconf 83' lang='lat' dir='ltr'><strong>liberast</strong></span> <span class='ocrx_word' id='word_1_284' title='bbox 671 3849 806 3939; x_wconf 90' lang='lat' dir='ltr'><strong>pacifica</strong></span> <span class='ocrx_word' id='word_1_285' title='bbox 838 3852 1037 3938; x_wconf 86' lang='lat' dir='ltr'><strong>possessione</strong></span> <span class='ocrx_word' id='word_1_286' title='bbox 1069 3872 1143 3914; x_wconf 92' lang='lat' dir='ltr'><strong>cum</strong></span> <span class='ocrx_word' id='word_1_287' title='bbox 1175 3850 1351 3915; x_wconf 87' lang='lat' dir='ltr'><strong>sufficienti</strong></span> <span class='ocrx_word' id='word_1_288' title='bbox 1385 3849 1491 3929; x_wconf 92' lang='lat' dir='ltr'><strong>titulo,</strong></span> 
     </span>
     <span class='ocr_line' id='line_1_39' title="bbox 304 3939 1491 4026; baseline -0.001 -23"><span class='ocrx_word' id='word_1_289' title='bbox 304 3961 344 4003; x_wconf 88' lang='lat' dir='ltr'><strong>ac</strong></span> <span class='ocrx_word' id='word_1_290' title='bbox 368 3941 454 4004; x_wconf 89' lang='lat' dir='ltr'><strong>bona</strong></span> <span class='ocrx_word' id='word_1_291' title='bbox 478 3939 541 4004; x_wconf 88' lang='lat' dir='ltr'><strong>fide</strong></span> <span class='ocrx_word' id='word_1_292' title='bbox 564 3940 787 4024; x_wconf 88' lang='lat' dir='ltr'><strong>permansisse,</strong></span> <span class='ocrx_word' id='word_1_293' title='bbox 815 3940 850 4004; x_wconf 89' lang='lat' dir='ltr'><strong>in</strong></span> <span class='ocrx_word' id='word_1_294' title='bbox 883 3962 1010 4024; x_wconf 90' lang='lat' dir='ltr'><strong>usuque</strong></span> <span class='ocrx_word' id='word_1_295' title='bbox 1041 3947 1199 4023; x_wconf 89' lang='lat' dir='ltr'><strong>perpetuo</strong></span> <span class='ocrx_word' id='word_1_296' title='bbox 1227 3941 1315 4026; x_wconf 87' lang='lat' dir='ltr'><strong>illius</strong></span> <span class='ocrx_word' id='word_1_297' title='bbox 1338 3939 1429 4023; x_wconf 74' lang='lat' dir='ltr'><strong>juris</strong></span> <span class='ocrx_word' id='word_1_298' title='bbox 1452 3960 1491 4004; x_wconf 89' lang='lat' dir='ltr'><strong>ao</strong></span> 
     </span>
     <span class='ocr_line' id='line_1_40' title="bbox 303 4028 1491 4112; baseline 0.001 -20"><span class='ocrx_word' id='word_1_299' title='bbox 303 4029 460 4093; x_wconf 88' lang='lat' dir='ltr'><strong>continuo</strong></span> <span class='ocrx_word' id='word_1_300' title='bbox 484 4029 639 4094; x_wconf 88' lang='lat' dir='ltr'><strong>exercitio</strong></span> <span class='ocrx_word' id='word_1_301' title='bbox 654 4051 713 4112; x_wconf 91' lang='lat' dir='ltr'><strong>per</strong></span> <span class='ocrx_word' id='word_1_302' title='bbox 732 4050 834 4094; x_wconf 89' lang='lat' dir='ltr'><strong>annos</strong></span> <span class='ocrx_word' id='word_1_303' title='bbox 858 4030 1032 4112; x_wconf 89' lang='lat' dir='ltr'><strong>plusquam</strong></span> <span class='ocrx_word' id='word_1_304' title='bbox 1056 4036 1222 4096; x_wconf 86' lang='lat' dir='ltr'><strong>sexcentos</strong></span> <span class='ocrx_word' id='word_1_305' title='bbox 1246 4031 1370 4112; x_wconf 89' lang='lat' dir='ltr'><strong>absque</strong></span> <span class='ocrx_word' id='word_1_306' title='bbox 1393 4028 1491 4093; x_wconf 89' lang='lat' dir='ltr'><strong>ullius</strong></span> 
     </span>
     <span class='ocr_line' id='line_1_41' title="bbox 304 4119 1490 4203; baseline 0 -22"><span class='ocrx_word' id='word_1_307' title='bbox 304 4119 573 4200; x_wconf 88' lang='lat' dir='ltr'><strong>contradictione,</strong></span> <span class='ocrx_word' id='word_1_308' title='bbox 606 4119 808 4199; x_wconf 91' lang='lat' dir='ltr'><strong>inhibitione,</strong></span> <span class='ocrx_word' id='word_1_309' title='bbox 836 4127 895 4184; x_wconf 92' lang='lat' dir='ltr'><strong>aut</strong></span> <span class='ocrx_word' id='word_1_310' title='bbox 919 4120 1125 4184; x_wconf 89' lang='lat' dir='ltr'><strong>revocatione</strong></span> <span class='ocrx_word' id='word_1_311' title='bbox 1148 4141 1251 4203; x_wconf 89' lang='lat' dir='ltr'><strong>usque</strong></span> <span class='ocrx_word' id='word_1_312' title='bbox 1274 4119 1316 4183; x_wconf 90' lang='lat' dir='ltr'><strong>ad</strong></span> <span class='ocrx_word' id='word_1_313' title='bbox 1339 4139 1490 4202; x_wconf 89' lang='lat' dir='ltr'><strong>praesen-</strong></span> 
     </span>
     <span class='ocr_line' id='line_1_42' title="bbox 306 4207 1491 4293; baseline 0.001 -23"><span class='ocrx_word' id='word_1_314' title='bbox 306 4214 373 4270; x_wconf 90' lang='lat' dir='ltr'><strong>tem</strong></span> <span class='ocrx_word' id='word_1_315' title='bbox 396 4208 481 4272; x_wconf 93' lang='lat' dir='ltr'><strong>diem</strong></span> <span class='ocrx_word' id='word_1_316' title='bbox 501 4229 731 4290; x_wconf 89' lang='lat' dir='ltr'><strong>praeservasse.</strong></span> <span class='ocrx_word' id='word_1_317' title='bbox 755 4208 915 4290; x_wconf 91' lang='lat' dir='ltr'><strong>Adeoque</strong></span> <span class='ocrx_word' id='word_1_318' title='bbox 934 4210 976 4273; x_wconf 90' lang='lat' dir='ltr'><strong>ad</strong></span> <span class='ocrx_word' id='word_1_319' title='bbox 991 4209 1193 4293; x_wconf 89' lang='lat' dir='ltr'><strong>propositum</strong></span> <span class='ocrx_word' id='word_1_320' title='bbox 1218 4215 1367 4274; x_wconf 90' lang='lat' dir='ltr'><strong>nostrum</strong></span> <span class='ocrx_word' id='word_1_321' title='bbox 1390 4207 1491 4272; x_wconf 89' lang='lat' dir='ltr'><strong>Iuno-</strong></span> 
     </span>
     <span class='ocr_line' id='line_1_43' title="bbox 304 4298 1490 4382; baseline 0 -22"><span class='ocrx_word' id='word_1_322' title='bbox 304 4298 432 4362; x_wconf 89' lang='lat' dir='ltr'><strong>oentius</strong></span> <span class='ocrx_word' id='word_1_323' title='bbox 456 4298 523 4362; x_wconf 90' lang='grc' dir='ltr'><strong>ΙΙΙ.</strong></span> <span class='ocrx_word' id='word_1_324' title='bbox 547 4298 785 4381; x_wconf 87' lang='lat' dir='ltr'><strong>sapientissime</strong></span> <span class='ocrx_word' id='word_1_325' title='bbox 807 4299 1045 4382; x_wconf 88' lang='lat' dir='ltr'><strong>pronunciavit,</strong></span> <span class='ocrx_word' id='word_1_326' title='bbox 1071 4300 1324 4378; x_wconf 84' lang='lat' dir='ltr'><strong>consuetudinis,</strong></span> <span class='ocrx_word' id='word_1_327' title='bbox 1348 4319 1490 4380; x_wconf 90' lang='lat' dir='ltr'><strong>ususque</strong></span> 
     </span>
     <span class='ocr_line' id='line_1_44' title="bbox 305 4383 1489 4472; baseline 0.001 -23"><span class='ocrx_word' id='word_1_328' title='bbox 305 4387 454 4470; x_wconf 87' lang='lat' dir='ltr'><strong>longaevi</strong></span> <span class='ocrx_word' id='word_1_329' title='bbox 478 4409 543 4452; x_wconf 89' lang='lat' dir='ltr'><strong>non</strong></span> <span class='ocrx_word' id='word_1_330' title='bbox 562 4408 630 4452; x_wconf 89' lang='lat' dir='ltr'><strong>esse</strong></span> <span class='ocrx_word' id='word_1_331' title='bbox 658 4389 760 4452; x_wconf 89' lang='lat' dir='ltr'><strong>levem</strong></span> <span class='ocrx_word' id='word_1_332' title='bbox 783 4383 1016 4453; x_wconf 89' lang='lat' dir='ltr'><strong>auctoritatem</strong></span> <span class='ocrx_word' id='word_1_333' title='bbox 1039 4395 1072 4453; x_wconf 89' lang='lat' dir='ltr'><strong>et</strong></span> <span class='ocrx_word' id='word_1_334' title='bbox 1094 4389 1288 4472; x_wconf 89' lang='lat' dir='ltr'><strong>plerumque</strong></span> <span class='ocrx_word' id='word_1_335' title='bbox 1311 4387 1489 4452; x_wconf 90' lang='lat' dir='ltr'><strong>discordias</strong></span> 
     </span>
     <span class='ocr_line' id='line_1_45' title="bbox 303 4476 1489 4560; baseline -0.001 -20"><span class='ocrx_word' id='word_1_336' title='bbox 303 4497 419 4558; x_wconf 89' lang='lat' dir='ltr'><strong>parere</strong></span> <span class='ocrx_word' id='word_1_337' title='bbox 445 4478 615 4542; x_wconf 81' lang='lat' dir='ltr'><strong>novitates</strong></span> <span class='ocrx_word' id='word_1_338' title='bbox 649 4476 802 4560; x_wconf 84' lang='lat' dir='ltr'><strong>Oapitulo</strong></span> <span class='ocrx_word' id='word_1_339' title='bbox 826 4498 900 4542; x_wconf 91' lang='lat' dir='ltr'><strong>cum</strong></span> <span class='ocrx_word' id='word_1_340' title='bbox 924 4478 1174 4543; x_wconf 88' lang='lat' dir='ltr'><strong>consuetudines</strong></span> <span class='ocrx_word' id='word_1_341' title='bbox 1198 4479 1309 4543; x_wconf 90' lang='lat' dir='ltr'><strong>eodem</strong></span> <span class='ocrx_word' id='word_1_342' title='bbox 1333 4477 1431 4541; x_wconf 91' lang='lat' dir='ltr'><strong>titulo</strong></span> <span class='ocrx_word' id='word_1_343' title='bbox 1454 4476 1489 4539; x_wconf 91' lang='lat' dir='ltr'><strong>in</strong></span> 
     </span>
    </p>
   </div>
   <div class='ocr_carea' id='block_1_4' title="bbox 304 4565 544 4638">
    <p class='ocr_par' dir='ltr' id='par_1_8' title="bbox 304 4565 544 4638">
     <span class='ocr_line' id='line_1_46' title="bbox 304 4565 544 4638; baseline 0.008 -8"><span class='ocrx_word' id='word_1_344' title='bbox 304 4565 544 4638; x_wconf 77' lang='lat' dir='ltr'><strong>Decretalibus.</strong></span> 
     </span>
    </p>
   </div>
   <div class='ocr_carea' id='block_1_5' title="bbox 0 0 1740 5494">
    <p class='ocr_par' dir='ltr' id='par_1_9' title="bbox 0 0 1740 5494">
     <span class='ocr_line' id='line_1_47' title="bbox 0 0 1740 5494; baseline 0 0"><span class='ocrx_word' id='word_1_345' title='bbox 0 0 1740 5494; x_wconf 95' lang='lat' dir='ltr'><strong> </strong></span> 
     </span>
    </p>
   </div>
  </div>
 </body>
</html>
