3472 5494
473 414 491 450 a
515 411 637 450 uxorin
660 411 718 450 xm.
743 410 872 452 saeuum
895 409 948 452 soe
971 397 1200 448 concinnatum.
1365 387 1428 448 289

249 585 420 666 sylvaniae,
444 589 478 648 et
502 583 579 646 licet
603 582 649 650 ibi
673 584 707 647 in
734 581 1075 648 decretoconsistorii
1104 581 1195 644 nulla
1217 581 1276 645 fiat
1300 583 1430 660 mentio,

249 697 290 738 an
314 673 356 740 ad
381 673 637 738 nominationem
658 672 753 754 regis,
777 673 826 737 vel
843 694 881 735 ex
892 670 1107 754 dispositione
1130 671 1307 753 apostoliea
1330 672 1430 738 luerit

248 765 416 847 episcopus
448 760 660 826 confirmatus
693 757 786 844 (quia
819 762 955 830 fortasse
979 782 1042 824 non
1066 761 1131 825 fuit
1155 762 1267 844 stylus
1300 762 1349 824 vel
1374 783 1430 844 pei·

248 853 408 922 incuriam
443 847 624 933 neglectus)
658 852 878 928 nihilominus,
912 850 989 933 quia
1021 850 1055 912 in
1095 849 1206 914 eodem
1240 852 1430 915 consistorio

248 945 383 1012 fuerunt
406 942 591 1024 propositae
615 941 724 1005 decern
749 941 900 1008 eeclesiae
919 940 1097 1021 Ungariae,
1121 940 1208 1006 inter
1227 962 1308 1023 quas
1326 940 1430 1006 Tran-

249 1032 459 1113 sylvaniensis
498 1026 667 1113 (quaein
708 1031 794 1096 calce
836 1030 933 1094 huius
975 1030 1170 1094 memorialis
1211 1031 1431 1112 registrantur

249 1121 423 1184 summario
456 1142 542 1186 num.
562 1115 611 1200 2.)
636 1121 668 1184 in
693 1121 806 1186 eadem
831 1121 943 1198 forma,
974 1140 1012 1182 ac
1036 1119 1115 1182 sine·
1129 1119 1196 1200 ulla
1211 1119 1430 1202 expressione,

250 1231 386 1293 quarum
411 1209 495 1274 aliae
520 1230 632 1274 novem
656 1210 779 1292 absque
803 1210 871 1274 ulla
888 1208 1154 1274 'contradictione
1178 1216 1255 1274 sunt
1285 1209 1431 1274 nomina·

249 1300 346 1368 tionis
364 1301 486 1380 regiae,
520 1305 568 1364 est
593 1299 686 1364 fortis
710 1301 932 1382 praesumptio
956 1298 1056 1362 etiam
1080 1298 1246 1364 ecclesiam
1278 1298 1431 1381 Transyl-

249 1390 435 1454 vaniensem
459 1388 557 1460 fuisse
581 1390 724 1454 eiusdem
748 1396 887 1454 naturae
904 1395 936 1452 et
952 1387 1122 1469 qualitatis
1139 1388 1236 1452 sicuti
1253 1395 1329 1452 sunt
1348 1389 1431 1458 aliae

249 1501 370 1544 novem.
427 1531 428 1538 .
469 1492 473 1499 ’
524 1492 528 1498 ’
679 1531 680 1536 ,
788 1495 790 1502 ’
847 1495 850 1502 ·
1192 1519 1194 1524 -

357 1566 452 1650 Quod
468 1567 495 1630 si
512 1567 613 1632 velint
630 1568 825 1632 eminentiae
841 1573 967 1635 vestrae
987 1566 1149 1630 historicis
1174 1566 1309 1647 deferre,
1334 1569 1431 1632 sicuti

248 1658 440 1739 plerumque
456 1657 593 1738 ipsamet
610 1657 697 1720 Rota
712 1658 862 1722 Romana
878 1655 993 1735 defert,
1007 1655 1185 1720 'invenient
1200 1657 1234 1719 in
1251 1656 1431 1721 Melchiore

250 1745 413 1812 Inchoffer
436 1747 471 1809 in
494 1747 561 1810 suis
593 1747 766 1813 annalibus
798 1747 891 1828 regni
909 1746 1117 1828 Hungariae
1141 1746 1199 1810 sub
1225 1767 1310 1811 anno
1330 1752 1431 1810 ¹1003.

249 1837 302 1899 iol.
328 1837 410 1903 inibi
436 1840 508 1902 274.
533 1835 761 1902 fundationem
786 1837 891 1903 huius
915 1835 1118 1918 episcopatus
1144 1835 1266 1900 iactam
1283 1859 1303 1900 a
1319 1843 1431 1902 sancto

250 1924 415 2008 Stephano
438 1925 543 2008 primo
566 1947 642 2008 rege
665 1925 868 2007 Hungariae.
907 1924 1035 1988 Narrat
1065 1925 1143 2006 ipse,
1163 1922 1307 2006 Gyulam
1332 1947 1431 1992 avun-

250 2015 360 2084 culum
376 2023 560 2080 maternum
577 2017 681 2080 sancti
707 2015 793 2098 regis
818 2035 1009 2090 saracenum
1034 2015 1198 2096 religione,
1224 2021 1302 2078 tunc
1327 2016 1431 2080 Tran—

250 2105 414 2186 sylvaniae
436 2105 624 2187 principem,
644 2106 701 2172 ubi
726 2105 853 2170 audivit
876 2110 1026 2187 nepotem
1051 2105 1093 2168 ad
1117 2104 1310 2169 catholicam
1334 2104 1432 2170 fidem

250 2215 447 2273 conversum,
480 2200 623 2260 tentasse
655 2195 764 2259 omnia
796 2194 904 2258 media
937 2193 1085 2257 eumdem
1109 2195 1150 2258 ab
1175 2194 1236 2258 hac
1264 2196 1432 2259 vocatione

250 2284 431 2348 revocandi.
456 2281 542 2364 Quia
565 2305 649 2348 vero
663 2284 788 2349 trustra
811 2284 992 2362 laborabat,
1018 2283 1269 2364 incepit'totam
1292 2284 1432 2367 Huuga-

250 2373 332 2437 riam
357 2373 603 2438 excursionibus
625 2373 728 2438 libero
752 2373 863 2438 milite·
880 2374 1057 2438 devastare.
1076 2371 1216 2437 Sanctus
1241 2380 1350 2438 autem
1375 2396 1433 2440 rex

249 2463 329 2526 haec
361 2462 500 2528 audiens
531 2463 711 2528 exercitum
743 2463 882 2545 collegit,
915 2483 952 2526 ac
985 2461 1109 2526 nobiles
1141 2464 1233 2544 regni
1257 2465 1299 2527 ad
1324 2471 1432 2530 castra

250 2553 384 2632 vocavit,
417 2573 581 2635 opponens
613 2575 645 2616 se
667 2553 836 2620 'avunculo
870 2552 980 2617 divina
1013 2553 1207 2632 assistentia,
1241 2574 1305 2618 non
1328 2553 1432 2618 solum

252 2643 319 2707 eius
358 2643 537 2707 exercitum
578 2641 773 2724 profligavit,
812 2642 868 2706 sed
904 2641 1052 2706 eumdem
1073 2639 1228 2723 ¹Gryulam
1267 2644 1431 2725 captivum

250 2733 384 2814 habuit;
410 2753 474 2814 qua
498 2731 950 2814 occasione‘Transylvaniam
975 2752 1074 2813 regno
1098 2731 1293 2814 Hungariae
1317 2733 1431 2797 univit.

252 2820 338 2903 Quia
361 2843 436 2885 vero
459 2823 547 2885 inter
570 2821 640 2886 eius
660 2822 765 2902 ¹spolia
781 2823 906 2886 invenit
925 2821 1046 2884 multas
1062 2821 1200 2898 divitias,
1225 2841 1263 2886 ao
1278 2823 1432 2903 pecunias

250 2919 391 2993 paratas
415 2932 453 2982 ex
477 2911 600 2991 rapinis
631 2917 663 2973 et
697 2911 941 2974 excursionibus
964 2931 1022 2992 per
1046 2910 1255 2994 Hungariam
1277 2911 1375 2976 iactis
1398 2911 1430 2976 in

250 3001 361 3065 odium
384 2997 550 3081 religionis
574 2999 757 3064 catholicae·
776 3021 814 3064 ac
838 3001 964 3083 nepotis
988 3001 1114 3066 noviter
1139 3001 1292 3079 conversi,
1327 3002 1432 3066 noluit

251 3097 383 3154 sanctus
407 3110 465 3152 rex
490 3088 619 3153 easdem
645 3089 707 3154 sibi
729 3090 949 3172 appropriare,
974 3089 1046 3154 illas
1071 3090 1248 3156 destinavit
1264 3091 1298 3153 in
1316 3090 1431 3156 funda-

251 3181 338 3244 tione
355 3180 559 3260 episcopatus
576 3178 840 3260 Transylvaniae,
854 3201 892 3244 ac
909 3179 1062 3244 ecclesiae
1078 3179 1276 3258 cathedralis
1292 3180 1325 3244 in
1343 3178 1433 3246 Alba

250 3269 353 3347 dulia,
377 3268 535 3350 additque
558 3274 674 3334 auctor
697 3269 776 3332 haec
800 3269 915 3332 verba:
952 3269 1149 3351 »Primaque
1181 3291 1260 3336 cura
1291 3270 1433 3356 maxima

251 3359 297 3440 pii
320 3359 406 3440 regis
431 3357 495 3422 fuit
518 3358 686 3421 ecclesiam
710 3356 835 3423 Christi
859 3360 894 3425 in
911 3365 1001 3423 vasto
1018 3365 1051 3422 et
1067 3359 1221 3441 opulento
1244 3359 1432 3441 principatu

252 3448 398 3525 fundare,
422 3468 460 3511 ac
484 3447 675 3525 antistitem,
700 3449 755 3529 qui
780 3449 930 3530 religioni
954 3448 1144 3512 fundandae
1167 3448 1433 3531 ordinandaeque

251 3544 413 3619 praeesset
447 3537 655 3616 constituere,
690 3543 729 3600 ut
760 3537 820 3602 hoc
853 3560 937 3602 anno
970 3538 1072 3602 videri
1104 3539 1206 3620 possit
1240 3537 1433 3621 Transylva-

251 3629 371 3690 niensis
403 3647 459 3690 seu
483 3625 591 3691 Albae
615 3626 728 3692 Juliae
760 3627 793 3690 in
827 3627 1015 3709 principatu
1040 3627 1295 3710 Transylvaniae
1324 3635 1433 3694 erecta

251 3716 341 3781 sedes
357 3715 555 3798 episcopalis,
565 3714 743 3780 Collocensi
755 3715 873 3780 deinde
889 3737 928 3780 ex
944 3717 1154 3798 dispositione
1171 3737 1317 3800 parens«
1339 3717 1433 3783 Haec

251 3807 319 3887 ipse
351 3811 474 3869 auctor.
507 3805 581 3870 Hoc
613 3806 700 3869 idem
732 3806 879 3870 insinuat
911 3805 1081 3870 Bonfinius
1116 3808 1149 3870 in
1174 3806 1310 3878 Hister.
1336 3807 1432 3872 Hnn-

252 3895 370 3977 garica.
404 3894 534 3958 Decade
568 3901 595 3958 2.
629 3895 685 3959 lib.
717 3896 745 3960 Ι.
778 3895 939 3962 101181.
971 3896 1026 3960 lin.
1063 3899 1111 3960 12.
1141 3895 1236 3962 (lard.
1270 3897 1433 3961 Beronius

252 3993 327 4048 tom.
351 3984 398 4048 ΙΙ.
422 3983 475 4048 fol.
503 3989 551 4048 13.
576 4005 661 4048 anno
688 3989 782 4050 looa.
805 3985 874 4048 fere
898 3985 1010 4052 eadem
1034 3986 1156 4050 scribit.
1188 3986 1343 4052 Nicolaus
1368 3987 1433 4051 Ist-

251 4074 375 4138 vanfius
397 4074 432 4138 in
457 4095 515 4138 sua
549 4073 673 4138 Hister.
697 4073 892 4156 Hungarica'
925 4075 1022 4138 simili
1054 4076 1148 4140 modo
1180 4076 1334 4158 loquitur,
1368 4077 1433 4140 imo

252 4165 303 4226 hic
341 4167 457 4228 auctor
489 4170 635 4228 recenset
667 4163 714 4227 ibi
753 4165 917 4248 episcopos
956 4165 1211 4246 Transylvaniae
1249 4165 1432 4230 nominatos

251 4276 270 4316 a
303 4274 377 4335 rege
411 4253 534 4316 scilicet
566 4274 652 4317 anno
686 4257 781 4318 1514.
805 4254 860 4318 lib.
886 4258 914 4316 5.
938 4275 1009 4336 pag.
1034 4259 1063 4318 4.
1087 4255 1179 4338 ponit
1217 4255 1431 4319 Franciscum

252 4343 445 4408 Vardanum
476 4363 562 4406 anno
598 4347 692 4407 1526.
715 4343 770 4408 lib.
796 4348 824 4407 8.
841 4342 902 4407 Ι101.
926 4348 977 4408 80.
1011 4344 1103 4426 ponit
1127 4344 1289 4408 Joannem
1314 4341 1432 4410 Gesto-

251 4434 341 4496 nium
365 4453 450 4498 anno
477 4436 571 4495 1554.
595 4431 737 4498 Paulum
761 4433 977 4497 Bornemissa'
992 4435 1058 4498 sive
1074 4432 1284 4498 Abstemium
1301 4429 1356 4514 (de
1372 4434 1431 4498 hoc

251 4524 397 4607 episcopo
421 4522 567 4605 loquitur
591 4522 690 4586 etiam
713 4522 954 4588 Floremnndus
970 4523 1162 4588 Remundus
1186 4524 1226 4588 de
1250 4529 1334 4602 ortu,
1357 4545 1431 4606 pro-

295 4640 467 4688 oxnnvtcria
491 4653 507 4687 a
531 4655 558 4688 11.
582 4653 609 4687 x.
632 4653 751 4688 snorum
774 4653 824 4688 soe
847 4643 997 4690 udam-naz.
1292 4651 1323 4695 19
