<?xml version="1.0" encoding="UTF-8"?>
<!DOCTYPE html PUBLIC "-//W3C//DTD XHTML 1.0 Transitional//EN"
    "http://www.w3.org/TR/xhtml1/DTD/xhtml1-transitional.dtd">
<html xmlns="http://www.w3.org/1999/xhtml" xml:lang="en" lang="en">
 <head>
  <title>
</title>
<meta http-equiv="Content-Type" content="text/html;charset=utf-8" />
  <meta name='ocr-system' content='tesseract 3.04.00' />
  <meta name='ocr-capabilities' content='ocr_page ocr_carea ocr_par ocr_line ocrx_word'/>
</head>
<body>
  <div class='ocr_page' id='page_1' title='image "./oklevltramagyar00frakgoog_0318.png"; bbox 0 0 3472 5494; ppageno 0'>
   <div class='ocr_carea' id='block_1_1' title="bbox 478 403 1436 466">
    <p class='ocr_par' dir='ltr' id='par_1_1' title="bbox 478 403 1436 466">
     <span class='ocr_line' id='line_1_1' title="bbox 478 403 1436 466; baseline 0 -2"><span class='ocrx_word' id='word_1_1' title='bbox 478 425 497 464; x_wconf 81' lang='grc'>1</span> <span class='ocrx_word' id='word_1_2' title='bbox 520 423 642 464; x_wconf 68' lang='lat' dir='ltr'>ureris</span> <span class='ocrx_word' id='word_1_3' title='bbox 664 423 724 464; x_wconf 74' lang='lat' dir='ltr'>rua</span> <span class='ocrx_word' id='word_1_4' title='bbox 747 421 878 464; x_wconf 74' lang='lat' dir='ltr'>unarum</span> <span class='ocrx_word' id='word_1_5' title='bbox 901 423 955 464; x_wconf 78' lang='lat' dir='ltr'>roc</span> <span class='ocrx_word' id='word_1_6' title='bbox 978 409 1206 464; x_wconf 68' lang='lat' dir='ltr'>sternumenta</span> <span class='ocrx_word' id='word_1_7' title='bbox 1374 403 1436 466; x_wconf 77' lang='lat'>291</span> 
     </span>
    </p>
   </div>
   <div class='ocr_carea' id='block_1_2' title="bbox 252 596 1480 1756">
    <p class='ocr_par' dir='ltr' id='par_1_2' title="bbox 252 596 1480 1756">
     <span class='ocr_line' id='line_1_2' title="bbox 253 596 1440 681; baseline -0.002 -17"><span class='ocrx_word' id='word_1_8' title='bbox 253 598 474 664; x_wconf 84' lang='lat' dir='ltr'>Oollocensem</span> <span class='ocrx_word' id='word_1_9' title='bbox 497 599 533 663; x_wconf 94' lang='lat' dir='ltr'>in</span> <span class='ocrx_word' id='word_1_10' title='bbox 557 597 701 678; x_wconf 88' lang='lat' dir='ltr'>titulum,</span> <span class='ocrx_word' id='word_1_11' title='bbox 721 619 759 662; x_wconf 88' lang='lat' dir='ltr'>ac</span> <span class='ocrx_word' id='word_1_12' title='bbox 777 597 921 680; x_wconf 80' lang='lat' dir='ltr'>aliquem</span> <span class='ocrx_word' id='word_1_13' title='bbox 940 597 1162 681; x_wconf 89' lang='lat' dir='ltr'>episcopatum</span> <span class='ocrx_word' id='word_1_14' title='bbox 1177 597 1213 661; x_wconf 91' lang='lat' dir='ltr'>in</span> <span class='ocrx_word' id='word_1_15' title='bbox 1230 596 1440 662; x_wconf 88' lang='lat' dir='ltr'>administra·</span> 
     </span>
     <span class='ocr_line' id='line_1_3' title="bbox 255 685 1438 771; baseline -0.001 -18"><span class='ocrx_word' id='word_1_16' title='bbox 255 691 376 753; x_wconf 92' lang='lat' dir='ltr'>tionem</span> <span class='ocrx_word' id='word_1_17' title='bbox 399 687 497 752; x_wconf 88' lang='lat' dir='ltr'>alicui</span> <span class='ocrx_word' id='word_1_18' title='bbox 522 689 668 771; x_wconf 89' lang='lat' dir='ltr'>episcopo</span> <span class='ocrx_word' id='word_1_19' title='bbox 693 685 894 752; x_wconf 85' lang='lat' dir='ltr'>sufficienter</span> <span class='ocrx_word' id='word_1_20' title='bbox 922 688 1058 770; x_wconf 87' lang='lat' dir='ltr'>provise,</span> <span class='ocrx_word' id='word_1_21' title='bbox 1089 708 1127 752; x_wconf 92' lang='lat' dir='ltr'>ac</span> <span class='ocrx_word' id='word_1_22' title='bbox 1161 688 1317 770; x_wconf 90' lang='lat' dir='ltr'>episcopis</span> <span class='ocrx_word' id='word_1_23' title='bbox 1340 710 1438 770; x_wconf 90' lang='lat' dir='ltr'>supra</span> 
     </span>
     <span class='ocr_line' id='line_1_4' title="bbox 253 775 1438 868; baseline -0.003 -25"><span class='ocrx_word' id='word_1_24' title='bbox 253 778 421 844; x_wconf 78' lang='lat' dir='ltr'>recensitis</span> <span class='ocrx_word' id='word_1_25' title='bbox 454 777 669 842; x_wconf 76' lang='lat' dir='ltr'>retentionem</span> <span class='ocrx_word' id='word_1_26' title='bbox 701 775 941 858; x_wconf 89' lang='lat' dir='ltr'>beneficiorum,</span> <span class='ocrx_word' id='word_1_27' title='bbox 973 777 1050 841; x_wconf 91' lang='lat' dir='ltr'>licet</span> <span class='ocrx_word' id='word_1_28' title='bbox 1079 777 1234 868; x_wconf 37' lang='lat' dir='ltr'>alioquin·</span> <span class='ocrx_word' id='word_1_29' title='bbox 1247 777 1438 860; x_wconf 90' lang='lat' dir='ltr'>incompati-</span> 
     </span>
     <span class='ocr_line' id='line_1_5' title="bbox 252 866 1480 949; baseline -0.003 -17"><span class='ocrx_word' id='word_1_30' title='bbox 252 869 378 946; x_wconf 87' lang='lat' dir='ltr'>bilium,</span> <span class='ocrx_word' id='word_1_31' title='bbox 403 874 441 932; x_wconf 90' lang='lat' dir='ltr'>ut</span> <span class='ocrx_word' id='word_1_32' title='bbox 464 867 540 932; x_wconf 90' lang='lat' dir='ltr'>inde</span> <span class='ocrx_word' id='word_1_33' title='bbox 564 867 742 932; x_wconf 88' lang='lat' dir='ltr'>sustentari</span> <span class='ocrx_word' id='word_1_34' title='bbox 767 866 899 949; x_wconf 87' lang='lat' dir='ltr'>possint.</span> <span class='ocrx_word' id='word_1_35' title='bbox 1479 876 1480 880; x_wconf 77' lang='grc'>’</span> 
     </span>
     <span class='ocr_line' id='line_1_6' title="bbox 361 955 1439 1040; baseline -0.003 -17"><span class='ocrx_word' id='word_1_36' title='bbox 361 956 444 1023; x_wconf 76' lang='lat' dir='ltr'>(lum</span> <span class='ocrx_word' id='word_1_37' title='bbox 483 957 586 1039; x_wconf 87' lang='lat' dir='ltr'>igitur</span> <span class='ocrx_word' id='word_1_38' title='bbox 618 957 653 1020; x_wconf 92' lang='lat' dir='ltr'>in</span> <span class='ocrx_word' id='word_1_39' title='bbox 683 957 744 1020; x_wconf 91' lang='lat' dir='ltr'>hac</span> <span class='ocrx_word' id='word_1_40' title='bbox 785 955 1072 1038; x_wconf 81' lang='lat' dir='ltr'>Transylvaniensi</span> <span class='ocrx_word' id='word_1_41' title='bbox 1108 956 1243 1021; x_wconf 91' lang='lat' dir='ltr'>ecclesia</span> <span class='ocrx_word' id='word_1_42' title='bbox 1279 960 1439 1040; x_wconf 78' lang='lat' dir='ltr'>appareat</span> 
     </span>
     <span class='ocr_line' id='line_1_7' title="bbox 253 1045 1438 1128; baseline -0.002 -18"><span class='ocrx_word' id='word_1_43' title='bbox 253 1048 426 1114; x_wconf 86' lang='lat' dir='ltr'>necessitas</span> <span class='ocrx_word' id='word_1_44' title='bbox 464 1047 708 1126; x_wconf 86' lang='lat' dir='ltr'>catholicorum,</span> <span class='ocrx_word' id='word_1_45' title='bbox 748 1045 876 1110; x_wconf 90' lang='lat' dir='ltr'>utilitas</span> <span class='ocrx_word' id='word_1_46' title='bbox 916 1053 985 1110; x_wconf 88' lang='lat' dir='ltr'>tam</span> <span class='ocrx_word' id='word_1_47' title='bbox 1025 1045 1207 1128; x_wconf 87' lang='lat' dir='ltr'>spiritualis</span> <span class='ocrx_word' id='word_1_48' title='bbox 1240 1067 1299 1128; x_wconf 92' lang='lat' dir='ltr'>pro</span> <span class='ocrx_word' id='word_1_49' title='bbox 1332 1047 1438 1110; x_wconf 88' lang='lat' dir='ltr'>salute</span> 
     </span>
     <span class='ocr_line' id='line_1_8' title="bbox 252 1135 1437 1218; baseline -0.002 -18"><span class='ocrx_word' id='word_1_50' title='bbox 252 1139 446 1215; x_wconf 90' lang='lat' dir='ltr'>animarum,</span> <span class='ocrx_word' id='word_1_51' title='bbox 479 1158 578 1218; x_wconf 91' lang='lat' dir='ltr'>quam</span> <span class='ocrx_word' id='word_1_52' title='bbox 611 1135 800 1218; x_wconf 88' lang='lat' dir='ltr'>temporalis</span> <span class='ocrx_word' id='word_1_53' title='bbox 831 1156 890 1218; x_wconf 91' lang='lat' dir='ltr'>pro</span> <span class='ocrx_word' id='word_1_54' title='bbox 923 1137 1170 1218; x_wconf 85' lang='lat' dir='ltr'>recuperatione</span> <span class='ocrx_word' id='word_1_55' title='bbox 1202 1135 1371 1216; x_wconf 92' lang='lat' dir='ltr'>bonorum,</span> <span class='ocrx_word' id='word_1_56' title='bbox 1400 1157 1437 1198; x_wconf 88' lang='lat' dir='ltr'>ac</span> 
     </span>
     <span class='ocr_line' id='line_1_9' title="bbox 252 1224 1437 1308; baseline -0.001 -18"><span class='ocrx_word' id='word_1_57' title='bbox 252 1227 442 1291; x_wconf 87' lang='lat' dir='ltr'>reddituum</span> <span class='ocrx_word' id='word_1_58' title='bbox 468 1225 705 1308; x_wconf 81' lang='lat' dir='ltr'>episcopalium,</span> <span class='ocrx_word' id='word_1_59' title='bbox 731 1245 790 1288; x_wconf 90' lang='lat' dir='ltr'>nec</span> <span class='ocrx_word' id='word_1_60' title='bbox 815 1225 855 1289; x_wconf 92' lang='lat' dir='ltr'>de</span> <span class='ocrx_word' id='word_1_61' title='bbox 877 1225 950 1288; x_wconf 88' lang='lat' dir='ltr'>iure</span> <span class='ocrx_word' id='word_1_62' title='bbox 978 1225 1067 1306; x_wconf 90' lang='lat' dir='ltr'>regio</span> <span class='ocrx_word' id='word_1_63' title='bbox 1092 1225 1135 1289; x_wconf 89' lang='lat' dir='ltr'>sit</span> <span class='ocrx_word' id='word_1_64' title='bbox 1159 1224 1345 1306; x_wconf 86' lang='lat' dir='ltr'>difficultas,</span> <span class='ocrx_word' id='word_1_65' title='bbox 1368 1228 1437 1308; x_wconf 90' lang='lat' dir='ltr'>spe·</span> 
     </span>
     <span class='ocr_line' id='line_1_10' title="bbox 252 1313 1437 1397; baseline -0.001 -17"><span class='ocrx_word' id='word_1_66' title='bbox 252 1323 347 1380; x_wconf 89' lang='lat' dir='ltr'>ratur</span> <span class='ocrx_word' id='word_1_67' title='bbox 371 1316 411 1380; x_wconf 89' lang='lat' dir='ltr'>ab</span> <span class='ocrx_word' id='word_1_68' title='bbox 437 1316 621 1380; x_wconf 89' lang='lat' dir='ltr'>eminentiis</span> <span class='ocrx_word' id='word_1_69' title='bbox 645 1313 761 1379; x_wconf 89' lang='lat' dir='ltr'>vestris</span> <span class='ocrx_word' id='word_1_70' title='bbox 786 1315 982 1397; x_wconf 88' lang='lat' dir='ltr'>rescriptum</span> <span class='ocrx_word' id='word_1_71' title='bbox 1016 1314 1194 1378; x_wconf 85' lang='lat' dir='ltr'>favorabile</span> <span class='ocrx_word' id='word_1_72' title='bbox 1225 1335 1299 1379; x_wconf 88' lang='lat' dir='ltr'>cum</span> <span class='ocrx_word' id='word_1_73' title='bbox 1331 1321 1437 1380; x_wconf 86' lang='lat' dir='ltr'>reten-</span> 
     </span>
     <span class='ocr_line' id='line_1_11' title="bbox 254 1404 1437 1487; baseline 0 -18"><span class='ocrx_word' id='word_1_74' title='bbox 254 1407 341 1469; x_wconf 88' lang='lat' dir='ltr'>tione</span> <span class='ocrx_word' id='word_1_75' title='bbox 365 1405 630 1487; x_wconf 90' lang='lat' dir='ltr'>supradictarum</span> <span class='ocrx_word' id='word_1_76' title='bbox 646 1405 892 1487; x_wconf 86' lang='lat' dir='ltr'>praepositurae</span> <span class='ocrx_word' id='word_1_77' title='bbox 908 1426 945 1470; x_wconf 90' lang='lat' dir='ltr'>ac</span> <span class='ocrx_word' id='word_1_78' title='bbox 963 1404 1126 1485; x_wconf 83' lang='lat' dir='ltr'>abbatiae,</span> <span class='ocrx_word' id='word_1_79' title='bbox 1145 1412 1307 1486; x_wconf 88' lang='lat' dir='ltr'>quatenus</span> <span class='ocrx_word' id='word_1_80' title='bbox 1331 1411 1437 1470; x_wconf 89' lang='lat' dir='ltr'>essent</span> 
     </span>
     <span class='ocr_line' id='line_1_12' title="bbox 252 1494 848 1578; baseline -0.003 -20"><span class='ocrx_word' id='word_1_81' title='bbox 252 1494 511 1578; x_wconf 87' lang='lat' dir='ltr'>incompatibiles</span> <span class='ocrx_word' id='word_1_82' title='bbox 536 1500 569 1558; x_wconf 92' lang='lat' dir='ltr'>et</span> <span class='ocrx_word' id='word_1_83' title='bbox 592 1515 650 1578; x_wconf 94' lang='lat' dir='ltr'>pro</span> <span class='ocrx_word' id='word_1_84' title='bbox 675 1494 765 1577; x_wconf 87' lang='lat' dir='ltr'>gatia</span> <span class='ocrx_word' id='word_1_85' title='bbox 789 1498 848 1560; x_wconf 88' lang='lat' dir='ltr'>etc.</span> 
     </span>
     <span class='ocr_line' id='line_1_13' title="bbox 851 1581 1383 1666; baseline 0.004 -19"><span class='ocrx_word' id='word_1_86' title='bbox 851 1581 877 1647; x_wconf 90' lang='lat' dir='ltr'>J</span> <span class='ocrx_word' id='word_1_87' title='bbox 878 1604 999 1648; x_wconf 87' lang='lat' dir='ltr'>oannes</span> <span class='ocrx_word' id='word_1_88' title='bbox 1022 1583 1178 1666; x_wconf 89' lang='lat' dir='ltr'>Baptista</span> <span class='ocrx_word' id='word_1_89' title='bbox 1201 1583 1383 1649; x_wconf 89' lang='lat' dir='ltr'>Mariottus</span> 
     </span>
     <span class='ocr_line' id='line_1_14' title="bbox 1049 1671 1173 1756; baseline 0.008 -19"><span class='ocrx_word' id='word_1_90' title='bbox 1049 1671 1173 1756; x_wconf 78' lang='lat' dir='ltr'>Agens</span> 
     </span>
    </p>
   </div>
   <div class='ocr_carea' id='block_1_3' title="bbox 359 1761 813 1814">
    <p class='ocr_par' dir='ltr' id='par_1_3' title="bbox 359 1761 813 1814">
     <span class='ocr_line' id='line_1_15' title="bbox 359 1761 813 1814; baseline -0.004 0"><span class='ocrx_word' id='word_1_91' title='bbox 359 1767 382 1814; x_wconf 80' lang='grc' dir='ltr'>Ε</span> <span class='ocrx_word' id='word_1_92' title='bbox 401 1761 613 1814; x_wconf 72' lang='lat' dir='ltr'>memorialehoz</span> <span class='ocrx_word' id='word_1_93' title='bbox 632 1762 813 1812; x_wconf 75' lang='lat' dir='ltr'>melle&#39;lrelve:</span> 
     </span>
    </p>
   </div>
   <div class='ocr_carea' id='block_1_4' title="bbox 691 1957 992 2024">
    <p class='ocr_par' dir='ltr' id='par_1_4' title="bbox 691 1957 992 2024">
     <span class='ocr_line' id='line_1_16' title="bbox 691 1957 992 2024; baseline -0.01 -1"><span class='ocrx_word' id='word_1_94' title='bbox 691 1957 992 2024; x_wconf 83' lang='lat' dir='ltr'>Summarium</span> 
     </span>
    </p>
   </div>
   <div class='ocr_carea' id='block_1_5' title="bbox 248 2101 1434 3080">
    <p class='ocr_par' dir='ltr' id='par_1_5' title="bbox 248 2101 1434 3080">
     <span class='ocr_line' id='line_1_17' title="bbox 359 2101 1381 2192; baseline -0.002 -27"><span class='ocrx_word' id='word_1_95' title='bbox 359 2102 422 2166; x_wconf 91' lang='lat' dir='ltr'>Die</span> <span class='ocrx_word' id='word_1_96' title='bbox 437 2101 576 2167; x_wconf 88' lang='lat' dir='ltr'>Veneris</span> <span class='ocrx_word' id='word_1_97' title='bbox 594 2107 621 2166; x_wconf 82' lang='lat'>7.</span> <span class='ocrx_word' id='word_1_98' title='bbox 638 2101 663 2164; x_wconf 89' lang='lat' dir='ltr'><strong>J</strong></span> <span class='ocrx_word' id='word_1_99' title='bbox 665 2101 794 2165; x_wconf 89' lang='lat' dir='ltr'>anuarii</span> <span class='ocrx_word' id='word_1_100' title='bbox 813 2106 907 2164; x_wconf 81' lang='lat'><strong>1600.</strong></span> <span class='ocrx_word' id='word_1_101' title='bbox 926 2101 1103 2164; x_wconf 85' lang='lat' dir='ltr'>Referente</span> <span class='ocrx_word' id='word_1_102' title='bbox 1122 2121 1210 2164; x_wconf 88' lang='lat' dir='ltr'>reve·</span> <span class='ocrx_word' id='word_1_103' title='bbox 1274 2149 1344 2192; x_wconf 84' lang='lat' dir='ltr'>uum.</span> <span class='ocrx_word' id='word_1_104' title='bbox 1361 2157 1381 2191; x_wconf 31' lang='lat'>,¹</span> 
     </span>
     <span class='ocr_line' id='line_1_18' title="bbox 250 2189 1422 2266; baseline -0.002 -10"><span class='ocrx_word' id='word_1_105' title='bbox 250 2192 441 2256; x_wconf 88' lang='lat' dir='ltr'>rendissimo</span> <span class='ocrx_word' id='word_1_106' title='bbox 476 2189 605 2254; x_wconf 92' lang='lat' dir='ltr'>domino</span> <span class='ocrx_word' id='word_1_107' title='bbox 639 2191 806 2254; x_wconf 88' lang='lat' dir='ltr'>cardinale</span> <span class='ocrx_word' id='word_1_108' title='bbox 829 2191 1016 2255; x_wconf 82' lang='lat' dir='ltr'>vicecomite</span> <span class='ocrx_word' id='word_1_109' title='bbox 1052 2191 1210 2254; x_wconf 83' lang='lat' dir='ltr'>sanctitas</span> <span class='ocrx_word' id='word_1_110' title='bbox 1237 2203 1274 2266; x_wconf 56' lang='lat' dir='ltr'>Ea</span> <span class='ocrx_word' id='word_1_111' title='bbox 1288 2203 1422 2266; x_wconf 58' lang='lat' dir='ltr'>ariston-</span> 
     </span>
     <span class='ocr_line' id='line_1_19' title="bbox 251 2257 1411 2362; baseline -0.002 -16"><span class='ocrx_word' id='word_1_112' title='bbox 251 2305 311 2347; x_wconf 90' lang='lat' dir='ltr'>sua</span> <span class='ocrx_word' id='word_1_113' title='bbox 326 2282 369 2345; x_wconf 90' lang='lat' dir='ltr'>ad</span> <span class='ocrx_word' id='word_1_114' title='bbox 384 2281 639 2345; x_wconf 88' lang='lat' dir='ltr'>nominationem</span> <span class='ocrx_word' id='word_1_115' title='bbox 655 2280 851 2345; x_wconf 89' lang='lat' dir='ltr'>serenissimi</span> <span class='ocrx_word' id='word_1_116' title='bbox 868 2278 1068 2362; x_wconf 83' lang='lat' dir='ltr'>Sigismundi</span> <span class='ocrx_word' id='word_1_117' title='bbox 1085 2280 1210 2344; x_wconf 90' lang='lat' dir='ltr'>Batho-</span> <span class='ocrx_word' id='word_1_118' title='bbox 1245 2257 1411 2353; x_wconf 58' lang='lat' dir='ltr'>⁸¹⁸issffi¹i³¹¹⁸</span> 
     </span>
     <span class='ocr_line' id='line_1_20' title="bbox 249 2364 1402 2452; baseline -0.003 -16"><span class='ocrx_word' id='word_1_119' title='bbox 249 2373 305 2451; x_wconf 90' lang='lat' dir='ltr'>rei,</span> <span class='ocrx_word' id='word_1_120' title='bbox 329 2372 407 2436; x_wconf 91' lang='lat' dir='ltr'>olim</span> <span class='ocrx_word' id='word_1_121' title='bbox 432 2370 688 2452; x_wconf 78' lang='lat' dir='ltr'>Transylvaniae</span> <span class='ocrx_word' id='word_1_122' title='bbox 711 2370 867 2452; x_wconf 91' lang='lat' dir='ltr'>principis</span> <span class='ocrx_word' id='word_1_123' title='bbox 890 2370 1033 2452; x_wconf 80' lang='lat' dir='ltr'>providit</span> <span class='ocrx_word' id='word_1_124' title='bbox 1057 2370 1208 2434; x_wconf 89' lang='lat' dir='ltr'>ecclesiae</span> <span class='ocrx_word' id='word_1_125' title='bbox 1249 2364 1402 2417; x_wconf 69' lang='lat' dir='ltr'>cappellani.</span> 
     </span>
     <span class='ocr_line' id='line_1_21' title="bbox 251 2458 1434 2544; baseline -0.002 -18"><span class='ocrx_word' id='word_1_126' title='bbox 251 2461 506 2544; x_wconf 83' lang='lat' dir='ltr'>Transylvaniae</span> <span class='ocrx_word' id='word_1_127' title='bbox 530 2461 564 2523; x_wconf 90' lang='lat' dir='ltr'>in</span> <span class='ocrx_word' id='word_1_128' title='bbox 587 2460 753 2542; x_wconf 87' lang='lat' dir='ltr'>provincia</span> <span class='ocrx_word' id='word_1_129' title='bbox 777 2460 919 2524; x_wconf 89' lang='lat' dir='ltr'>eiusdem</span> <span class='ocrx_word' id='word_1_130' title='bbox 944 2459 1083 2524; x_wconf 91' lang='lat' dir='ltr'>nonimis</span> <span class='ocrx_word' id='word_1_131' title='bbox 1108 2459 1142 2523; x_wconf 90' lang='lat' dir='ltr'>in</span> <span class='ocrx_word' id='word_1_132' title='bbox 1166 2458 1299 2524; x_wconf 83' lang='lat' dir='ltr'>civitate</span> <span class='ocrx_word' id='word_1_133' title='bbox 1324 2459 1434 2525; x_wconf 87' lang='lat' dir='ltr'>Albae</span> 
     </span>
     <span class='ocr_line' id='line_1_22' title="bbox 249 2547 1434 2631; baseline 0 -17"><span class='ocrx_word' id='word_1_134' title='bbox 249 2551 362 2615; x_wconf 80' lang='lat' dir='ltr'>duliae</span> <span class='ocrx_word' id='word_1_135' title='bbox 396 2551 456 2616; x_wconf 89' lang='lat' dir='ltr'>sub</span> <span class='ocrx_word' id='word_1_136' title='bbox 489 2550 693 2614; x_wconf 88' lang='lat' dir='ltr'>invocatione</span> <span class='ocrx_word' id='word_1_137' title='bbox 718 2556 832 2614; x_wconf 86' lang='lat' dir='ltr'>sancta</span> <span class='ocrx_word' id='word_1_138' title='bbox 856 2549 1028 2613; x_wconf 87' lang='lat' dir='ltr'>Michaelis</span> <span class='ocrx_word' id='word_1_139' title='bbox 1053 2547 1264 2631; x_wconf 85' lang='lat' dir='ltr'>Archangeli,</span> <span class='ocrx_word' id='word_1_140' title='bbox 1289 2552 1434 2615; x_wconf 85' lang='lat' dir='ltr'>vacantis</span> 
     </span>
     <span class='ocr_line' id='line_1_23' title="bbox 249 2639 1434 2722; baseline 0 -18"><span class='ocrx_word' id='word_1_141' title='bbox 249 2642 290 2705; x_wconf 91' lang='lat' dir='ltr'>ab</span> <span class='ocrx_word' id='word_1_142' title='bbox 315 2642 409 2704; x_wconf 88' lang='lat' dir='ltr'>annis</span> <span class='ocrx_word' id='word_1_143' title='bbox 432 2640 534 2704; x_wconf 85' lang='lat' dir='ltr'>ferme</span> <span class='ocrx_word' id='word_1_144' title='bbox 560 2644 610 2702; x_wconf 82' lang='lat'>50.</span> <span class='ocrx_word' id='word_1_145' title='bbox 634 2661 693 2722; x_wconf 90' lang='lat' dir='ltr'>per</span> <span class='ocrx_word' id='word_1_146' title='bbox 716 2639 843 2704; x_wconf 90' lang='lat' dir='ltr'>obitum</span> <span class='ocrx_word' id='word_1_147' title='bbox 867 2639 971 2703; x_wconf 88' lang='lat' dir='ltr'>bonae</span> <span class='ocrx_word' id='word_1_148' title='bbox 995 2640 1169 2703; x_wconf 86' lang='lat' dir='ltr'>memoriae</span> <span class='ocrx_word' id='word_1_149' title='bbox 1194 2639 1292 2704; x_wconf 90' lang='lat' dir='ltr'>Pauli</span> <span class='ocrx_word' id='word_1_150' title='bbox 1326 2640 1434 2704; x_wconf 86' lang='lat' dir='ltr'>ultimi</span> 
     </span>
     <span class='ocr_line' id='line_1_24' title="bbox 248 2728 1434 2812; baseline 0 -18"><span class='ocrx_word' id='word_1_151' title='bbox 248 2731 336 2795; x_wconf 91' lang='lat' dir='ltr'>illius</span> <span class='ocrx_word' id='word_1_152' title='bbox 369 2729 509 2812; x_wconf 86' lang='lat' dir='ltr'>episcopi</span> <span class='ocrx_word' id='word_1_153' title='bbox 542 2729 577 2792; x_wconf 93' lang='lat' dir='ltr'>in</span> <span class='ocrx_word' id='word_1_154' title='bbox 609 2751 747 2812; x_wconf 89' lang='lat' dir='ltr'>persona</span> <span class='ocrx_word' id='word_1_155' title='bbox 779 2729 949 2793; x_wconf 82' lang='lat' dir='ltr'>reverendi</span> <span class='ocrx_word' id='word_1_156' title='bbox 981 2728 1086 2810; x_wconf 87' lang='lat' dir='ltr'>patris</span> <span class='ocrx_word' id='word_1_157' title='bbox 1119 2729 1241 2793; x_wconf 92' lang='lat' dir='ltr'>domini</span> <span class='ocrx_word' id='word_1_158' title='bbox 1273 2729 1434 2794; x_wconf 89' lang='lat' dir='ltr'>Demetrii</span> 
     </span>
     <span class='ocr_line' id='line_1_25' title="bbox 248 2817 1433 2903; baseline -0.001 -18"><span class='ocrx_word' id='word_1_159' title='bbox 248 2821 405 2903; x_wconf 84' lang='lat' dir='ltr'>Napraga</span> <span class='ocrx_word' id='word_1_160' title='bbox 429 2818 607 2882; x_wconf 87' lang='lat' dir='ltr'>sacerdotis</span> <span class='ocrx_word' id='word_1_161' title='bbox 630 2817 872 2901; x_wconf 82' lang='lat' dir='ltr'>Strigoniensis,</span> <span class='ocrx_word' id='word_1_162' title='bbox 897 2817 1075 2900; x_wconf 86' lang='lat' dir='ltr'>praepositi</span> <span class='ocrx_word' id='word_1_163' title='bbox 1097 2817 1279 2901; x_wconf 88' lang='lat' dir='ltr'>Agriensis,</span> <span class='ocrx_word' id='word_1_164' title='bbox 1311 2817 1433 2901; x_wconf 92' lang='lat' dir='ltr'>ipsum-</span> 
     </span>
     <span class='ocr_line' id='line_1_26' title="bbox 249 2907 1431 2994; baseline 0 -20"><span class='ocrx_word' id='word_1_165' title='bbox 249 2931 311 2994; x_wconf 92' lang='lat' dir='ltr'>que</span> <span class='ocrx_word' id='word_1_166' title='bbox 345 2910 452 2973; x_wconf 86' lang='lat' dir='ltr'>dictae</span> <span class='ocrx_word' id='word_1_167' title='bbox 486 2909 636 2972; x_wconf 88' lang='lat' dir='ltr'>ecclesiae</span> <span class='ocrx_word' id='word_1_168' title='bbox 669 2909 703 2971; x_wconf 93' lang='lat' dir='ltr'>in</span> <span class='ocrx_word' id='word_1_169' title='bbox 736 2914 900 2990; x_wconf 89' lang='lat' dir='ltr'>pastorem</span> <span class='ocrx_word' id='word_1_170' title='bbox 938 2907 1087 2990; x_wconf 87' lang='lat' dir='ltr'>praeficit</span> <span class='ocrx_word' id='word_1_171' title='bbox 1121 2928 1233 2972; x_wconf 88' lang='lat' dir='ltr'>curam</span> <span class='ocrx_word' id='word_1_172' title='bbox 1266 2915 1325 2972; x_wconf 88' lang='lat' dir='ltr'>etc.</span> <span class='ocrx_word' id='word_1_173' title='bbox 1359 2931 1431 2974; x_wconf 92' lang='lat' dir='ltr'>cum</span> 
     </span>
     <span class='ocr_line' id='line_1_27' title="bbox 248 2997 1324 3080; baseline -0.002 -16"><span class='ocrx_word' id='word_1_174' title='bbox 248 2999 483 3064; x_wconf 90' lang='lat' dir='ltr'>condonatione</span> <span class='ocrx_word' id='word_1_175' title='bbox 506 2997 637 3071; x_wconf 80' lang='lat' dir='ltr'>iurium</span> <span class='ocrx_word' id='word_1_176' title='bbox 662 2999 762 3061; x_wconf 88' lang='lat' dir='ltr'>etiam</span> <span class='ocrx_word' id='word_1_177' title='bbox 785 2997 870 3062; x_wconf 92' lang='lat' dir='ltr'>sacri</span> <span class='ocrx_word' id='word_1_178' title='bbox 893 2997 1028 3080; x_wconf 89' lang='lat' dir='ltr'>collegii,</span> <span class='ocrx_word' id='word_1_179' title='bbox 1048 3005 1081 3061; x_wconf 90' lang='lat' dir='ltr'>et</span> <span class='ocrx_word' id='word_1_180' title='bbox 1104 2997 1324 3062; x_wconf 87' lang='lat' dir='ltr'>cancellariae.</span> 
     </span>
    </p>
   </div>
   <div class='ocr_carea' id='block_1_6' title="bbox 247 3119 1404 3384">
    <p class='ocr_par' dir='ltr' id='par_1_6' title="bbox 247 3119 1404 3384">
     <span class='ocr_line' id='line_1_28' title="bbox 249 3119 1376 3216; baseline 0.003 -28"><span class='ocrx_word' id='word_1_181' title='bbox 249 3122 489 3206; x_wconf 64' lang='lat' dir='ltr'>strigoniensis</span> <span class='ocrx_word' id='word_1_182' title='bbox 519 3121 828 3203; x_wconf 78' lang='lat' dir='ltr'>Transylvaniensis.</span> <span class='ocrx_word' id='word_1_183' title='bbox 841 3119 1204 3205; x_wconf 80' lang='lat' dir='ltr'>Quinqueecclesiensis.</span> <span class='ocrx_word' id='word_1_184' title='bbox 1268 3172 1338 3216; x_wconf 84' lang='lat' dir='ltr'>uum.</span> <span class='ocrx_word' id='word_1_185' title='bbox 1357 3179 1376 3215; x_wconf 24' lang='lat'>,⁵</span> 
     </span>
     <span class='ocr_line' id='line_1_29' title="bbox 248 3209 1404 3296; baseline 0.003 -18"><span class='ocrx_word' id='word_1_186' title='bbox 248 3212 427 3296; x_wconf 86' lang='lat' dir='ltr'>Agriensis</span> <span class='ocrx_word' id='word_1_187' title='bbox 515 3209 736 3276; x_wconf 87' lang='lat' dir='ltr'>Varadiensis.</span> <span class='ocrx_word' id='word_1_188' title='bbox 837 3209 1016 3277; x_wconf 88' lang='lat' dir='ltr'>Vaciensis.</span> <span class='ocrx_word' id='word_1_189' title='bbox 1243 3226 1404 3290; x_wconf 74' lang='lat' dir='ltr'>Episcopatus</span> 
     </span>
     <span class='ocr_line' id='line_1_30' title="bbox 247 3282 1403 3384; baseline 0.015 -23"><span class='ocrx_word' id='word_1_190' title='bbox 247 3301 441 3368; x_wconf 77' lang='lat' dir='ltr'>‚lauriensis</span> <span class='ocrx_word' id='word_1_191' title='bbox 514 3299 774 3384; x_wconf 80' lang='lat' dir='ltr'>Vesprimiensis</span> <span class='ocrx_word' id='word_1_192' title='bbox 1242 3282 1403 3378; x_wconf 62' lang='lat' dir='ltr'>bdiiiiiirbi</span> 
     </span>
    </p>
   </div>
   <div class='ocr_carea' id='block_1_7' title="bbox 247 3389 1429 3475">
    <p class='ocr_par' dir='ltr' id='par_1_7' title="bbox 247 3389 1429 3475">
     <span class='ocr_line' id='line_1_31' title="bbox 247 3389 1429 3475; baseline -0.016 -18"><span class='ocrx_word' id='word_1_193' title='bbox 247 3390 487 3475; x_wconf 87' lang='lat' dir='ltr'>Zagrabiensis.</span> <span class='ocrx_word' id='word_1_194' title='bbox 518 3389 733 3456; x_wconf 82' lang='lat' dir='ltr'>Thininensis.</span> <span class='ocrx_word' id='word_1_195' title='bbox 1216 3395 1236 3432; x_wconf 88' lang='lat'>3·</span> <span class='ocrx_word' id='word_1_196' title='bbox 1247 3389 1354 3441; x_wconf 75' lang='lat' dir='ltr'>Augusti</span> <span class='ocrx_word' id='word_1_197' title='bbox 1369 3396 1429 3432; x_wconf 71' lang='lat'>15⁵4.</span> 
     </span>
    </p>
   </div>
   <div class='ocr_carea' id='block_1_8' title="bbox 355 3530 945 4046">
    <p class='ocr_par' dir='ltr' id='par_1_8' title="bbox 355 3530 945 4046">
     <span class='ocr_line' id='line_1_32' title="bbox 355 3530 509 3586; baseline -0.026 0"><span class='ocrx_word' id='word_1_198' title='bbox 355 3530 489 3586; x_wconf 75' lang='lat' dir='ltr'>Kivdlrd&#39;l</span> <span class='ocrx_word' id='word_1_199' title='bbox 498 3543 509 3584; x_wconf 91' lang='lat'>.·</span> 
     </span>
     <span class='ocr_line' id='line_1_33' title="bbox 462 3607 559 3656; baseline 0.01 -1"><span class='ocrx_word' id='word_1_200' title='bbox 462 3607 559 3656; x_wconf 81' lang='lat' dir='ltr'>Sacrae</span> 
     </span>
     <span class='ocr_line' id='line_1_34' title="bbox 408 3677 623 3742; baseline 0 -16"><span class='ocrx_word' id='word_1_201' title='bbox 408 3677 623 3742; x_wconf 78' lang='lat' dir='ltr'>congregationi</span> 
     </span>
     <span class='ocr_line' id='line_1_35' title="bbox 416 3745 613 3798; baseline 0.005 -1"><span class='ocrx_word' id='word_1_202' title='bbox 416 3745 613 3798; x_wconf 76' lang='lat' dir='ltr'>consistoriali.</span> 
     </span>
     <span class='ocr_line' id='line_1_36' title="bbox 460 3838 513 3885; baseline 0 0"><span class='ocrx_word' id='word_1_203' title='bbox 460 3838 513 3885; x_wconf 89' lang='lat' dir='ltr'>Pro</span> 
     </span>
     <span class='ocr_line' id='line_1_37' title="bbox 407 3905 945 3975; baseline 0.006 -19"><span class='ocrx_word' id='word_1_204' title='bbox 407 3909 535 3957; x_wconf 87' lang='lat' dir='ltr'>Andreae</span> <span class='ocrx_word' id='word_1_205' title='bbox 553 3909 637 3972; x_wconf 88' lang='lat' dir='ltr'>Illyes</span> <span class='ocrx_word' id='word_1_206' title='bbox 655 3905 798 3959; x_wconf 85' lang='lat' dir='ltr'>nominato</span> <span class='ocrx_word' id='word_1_207' title='bbox 817 3905 945 3975; x_wconf 87' lang='lat' dir='ltr'>episcopo</span> 
     </span>
     <span class='ocr_line' id='line_1_38' title="bbox 563 3981 789 4046; baseline 0.009 -18"><span class='ocrx_word' id='word_1_208' title='bbox 563 3981 789 4046; x_wconf 83' lang='lat' dir='ltr'>Transylvaniae.</span> 
     </span>
    </p>
   </div>
   <div class='ocr_carea' id='block_1_9' title="bbox 406 4062 1002 4206">
    <p class='ocr_par' dir='ltr' id='par_1_9' title="bbox 406 4062 1002 4206">
     <span class='ocr_line' id='line_1_39' title="bbox 407 4062 792 4130; baseline 0.005 -13"><span class='ocrx_word' id='word_1_209' title='bbox 407 4062 581 4130; x_wconf 80' lang='lat' dir='ltr'>Memoriale,</span> <span class='ocrx_word' id='word_1_210' title='bbox 601 4081 664 4118; x_wconf 83' lang='lat' dir='ltr'>com</span> <span class='ocrx_word' id='word_1_211' title='bbox 684 4066 792 4119; x_wconf 79' lang='lat' dir='ltr'>Sanam.</span> 
     </span>
     <span class='ocr_line' id='line_1_40' title="bbox 406 4141 1002 4206; baseline 0 -15"><span class='ocrx_word' id='word_1_212' title='bbox 406 4142 518 4204; x_wconf 83' lang='lat' dir='ltr'>Romae,</span> <span class='ocrx_word' id='word_1_213' title='bbox 537 4141 622 4206; x_wconf 66' lang='lat' dir='ltr'>&#39;lypis</span> <span class='ocrx_word' id='word_1_214' title='bbox 641 4154 697 4190; x_wconf 88' lang='lat' dir='ltr'>rev.</span> <span class='ocrx_word' id='word_1_215' title='bbox 718 4155 786 4190; x_wconf 85' lang='lat' dir='ltr'>cam</span> <span class='ocrx_word' id='word_1_216' title='bbox 809 4142 905 4206; x_wconf 79' lang='lat' dir='ltr'>Apost</span> <span class='ocrx_word' id='word_1_217' title='bbox 928 4145 1002 4191; x_wconf 81' lang='grc'>1696.</span> 
     </span>
    </p>
   </div>
   <div class='ocr_carea' id='block_1_10' title="bbox 243 4259 1427 4620">
    <p class='ocr_par' dir='ltr' id='par_1_10' title="bbox 353 4259 770 4332">
     <span class='ocr_line' id='line_1_41' title="bbox 353 4259 770 4332; baseline 0.002 -18"><span class='ocrx_word' id='word_1_218' title='bbox 353 4259 511 4314; x_wconf 75' lang='lat' dir='ltr'>Mellclcelve</span> <span class='ocrx_word' id='word_1_219' title='bbox 530 4261 770 4332; x_wconf 73' lang='lat' dir='ltr'>ayomtctdabcn:</span> 
     </span>
    </p>

    <p class='ocr_par' dir='ltr' id='par_1_11' title="bbox 243 4333 1427 4474">
     <span class='ocr_line' id='line_1_42' title="bbox 351 4333 1427 4405; baseline 0.006 -20"><span class='ocrx_word' id='word_1_220' title='bbox 351 4333 448 4387; x_wconf 87' lang='lat' dir='ltr'>Brevis</span> <span class='ocrx_word' id='word_1_221' title='bbox 478 4335 630 4388; x_wconf 87' lang='lat' dir='ltr'>elucidatio</span> <span class='ocrx_word' id='word_1_222' title='bbox 667 4336 1008 4405; x_wconf 80' lang='lat' dir='ltr'>historico-chronologica</span> <span class='ocrx_word' id='word_1_223' title='bbox 1039 4341 1073 4389; x_wconf 88' lang='lat' dir='ltr'>de</span> <span class='ocrx_word' id='word_1_224' title='bbox 1105 4341 1306 4405; x_wconf 80' lang='lat' dir='ltr'>Transylvania</span> <span class='ocrx_word' id='word_1_225' title='bbox 1337 4341 1365 4390; x_wconf 88' lang='lat' dir='ltr'>et</span> <span class='ocrx_word' id='word_1_226' title='bbox 1396 4343 1427 4392; x_wconf 92' lang='lat' dir='ltr'>in</span> 
     </span>
     <span class='ocr_line' id='line_1_43' title="bbox 243 4403 889 4474; baseline 0.006 -18"><span class='ocrx_word' id='word_1_227' title='bbox 243 4410 340 4458; x_wconf 85' lang='lat' dir='ltr'>eodem</span> <span class='ocrx_word' id='word_1_228' title='bbox 359 4403 478 4457; x_wconf 85' lang='lat' dir='ltr'>fundato</span> <span class='ocrx_word' id='word_1_229' title='bbox 496 4405 658 4474; x_wconf 86' lang='lat' dir='ltr'>episcopatu</span> <span class='ocrx_word' id='word_1_230' title='bbox 677 4411 766 4459; x_wconf 87' lang='lat' dir='ltr'>Albae</span> <span class='ocrx_word' id='word_1_231' title='bbox 787 4407 889 4460; x_wconf 85' lang='lat' dir='ltr'>Juliae.</span> 
     </span>
    </p>

    <p class='ocr_par' dir='ltr' id='par_1_12' title="bbox 355 4477 955 4546">
     <span class='ocr_line' id='line_1_44' title="bbox 355 4477 955 4546; baseline 0.008 -18"><span class='ocrx_word' id='word_1_232' title='bbox 355 4487 375 4529; x_wconf 88' lang='lat'>1.</span> <span class='ocrx_word' id='word_1_233' title='bbox 396 4477 419 4540; x_wconf 65' lang='grc' dir='ltr'>ᾗ.</span> <span class='ocrx_word' id='word_1_234' title='bbox 438 4482 478 4530; x_wconf 90' lang='lat' dir='ltr'>De</span> <span class='ocrx_word' id='word_1_235' title='bbox 499 4481 575 4530; x_wconf 86' lang='lat' dir='ltr'>statu</span> <span class='ocrx_word' id='word_1_236' title='bbox 596 4477 712 4546; x_wconf 88' lang='lat' dir='ltr'>politico</span> <span class='ocrx_word' id='word_1_237' title='bbox 731 4483 955 4546; x_wconf 83' lang='lat' dir='ltr'>Transylvaniae.</span> 
     </span>
    </p>

    <p class='ocr_par' dir='ltr' id='par_1_13' title="bbox 352 4550 1022 4620">
     <span class='ocr_line' id='line_1_45' title="bbox 352 4550 1022 4620; baseline 0.004 -20"><span class='ocrx_word' id='word_1_238' title='bbox 352 4555 376 4602; x_wconf 86' lang='lat'>2.</span> <span class='ocrx_word' id='word_1_239' title='bbox 396 4550 418 4612; x_wconf 73' lang='lat'>§-</span> <span class='ocrx_word' id='word_1_240' title='bbox 438 4554 479 4604; x_wconf 91' lang='lat' dir='ltr'>De</span> <span class='ocrx_word' id='word_1_241' title='bbox 498 4554 575 4603; x_wconf 80' lang='lat' dir='ltr'>statu</span> <span class='ocrx_word' id='word_1_242' title='bbox 594 4553 780 4603; x_wconf 88' lang='lat' dir='ltr'>ecclesiastico</span> <span class='ocrx_word' id='word_1_243' title='bbox 799 4554 1022 4620; x_wconf 84' lang='lat' dir='ltr'>Transylvaniae.</span> 
     </span>
    </p>
   </div>
   <div class='ocr_carea' id='block_1_11' title="bbox 0 0 1740 5494">
    <p class='ocr_par' dir='ltr' id='par_1_14' title="bbox 0 0 1740 5494">
     <span class='ocr_line' id='line_1_46' title="bbox 0 0 1740 5494; baseline 0 2"><span class='ocrx_word' id='word_1_244' title='bbox 0 0 1740 5494; x_wconf 95' lang='lat' dir='ltr'> </span> 
     </span>
    </p>
   </div>
  </div>
 </body>
</html>
