3454 5492
454 416 472 455 a
495 415 617 456 unsrun
640 416 699 456 rua.
722 414 852 456 reorum
874 418 928 457 ros
951 405 1178 458 rbsrrtrnrrtssz.
1367 398 1407 458 89

230 589 405 664 habemus3
438 590 517 673 ipsis
540 589 677 654 Andree
702 595 734 654 et
762 590 935 655 Melchiori
961 613 999 656 ac
1022 589 1197 655 heredibus
1220 596 1253 656 et
1276 591 1412 674 posteri·

230 681 358 744 tatibus
382 702 495 745 eorum
518 682 686 761 universis,
719 703 775 745 nos
799 703 928 764 quoque
952 681 992 744 de
1016 702 1096 744 novo
1120 681 1272 760 dandum,
1306 683 1412 746 conle-

230 770 378 850 rendum,
410 792 449 834 ac
482 771 565 834 illud
597 771 695 835 simul
713 791 800 835 ,cum
833 772 1037 854 preteccione
1069 776 1103 835 et
1134 771 1240 836 tutela
1269 772 1412 836 eiusdem

229 860 434 943 prepositure
467 862 501 924 in
534 861 663 926 eosdem
685 859 856 926 Andream
889 867 922 926 et
954 860 1176 941 Melchiorem,
1203 862 1413 944 ipsorumque

229 950 372 1014 heredes
387 955 561 1032 pretactos,
583 951 679 1032 pleno
697 951 770 1033 jure
788 957 945 1034 perpetuo
961 950 1225 1015 transferendum
1242 951 1410 1034 duximus;

228 1045 412 1104 annuentes
437 1040 558 1105 eisdem
581 1046 618 1104 et
638 1041 858 1121 concedentes,
891 1047 929 1106 ut
951 1041 1067 1106 amodo
1091 1041 1250 1124 deinceps,
1277 1040 1355 1105 dum
1379 1047 1413 1106 et

231 1130 501 1212 quociescumque
538 1129 722 1214 predictam
760 1131 1000 1214 preposituram
1032 1129 1179 1214 legitimo
1210 1131 1412 1215 prepositure

228 1241 408 1302 possessore
441 1241 558 1286 vacare
596 1220 787 1303 contigeret,
826 1223 948 1286 tociens
982 1221 1134 1286 idoneum
1168 1227 1202 1285 et
1233 1221 1414 1286 virtutibus

232 1309 403 1374 suffultum
436 1311 542 1375 virum
574 1311 616 1374 ad
648 1310 740 1376 illam
772 1311 900 1392 eligere,
933 1317 966 1375 et
998 1311 1046 1374 illi
1079 1310 1171 1374 cuius
1202 1311 1340 1376 interest
1363 1311 1413 1376 vel

231 1401 393 1481 intererit,
418 1399 677 1465 confirmandum
700 1407 889 1483 presentare
912 1401 1043 1466 valeant
1066 1407 1168 1483 atque
1190 1402 1331 1484 possint;
1364 1401 1413 1464 ita

230 1496 348 1571 temen,
373 1491 460 1573 quod
483 1490 582 1554 huius
605 1491 786 1555 annuencie
809 1499 919 1556 nostre
950 1496 1114 1574 pretextu,
1137 1491 1235 1556 iidem
1259 1489 1413 1556 Andreas

230 1586 262 1644 et
295 1580 457 1646 Melchior
496 1580 642 1662 dictique
677 1580 812 1645 heredes
844 1581 989 1664 ipsorum
1022 1580 1063 1644 de
1094 1581 1188 1646 bonis
1221 1586 1254 1644 et
1285 1581 1414 1664 juribus

153 1672 154 1676 ’
227 1671 488 1754 possessionariis
511 1691 548 1734 ac
572 1669 647 1734 aliis
668 1671 880 1752 proventibus
906 1672 1007 1755 ipsius
1036 1670 1168 1735 ecclesie
1192 1691 1226 1735 se
1249 1670 1414 1735 intremit

230 1767 308 1841 tere,
341 1761 391 1825 vel
423 1761 515 1825 aliud
547 1760 599 1842 jus
632 1760 721 1824 ultra
756 1761 841 1844 quod
874 1760 1006 1844 patroni
1038 1760 1161 1826 habero
1193 1759 1323 1841 debent,
1351 1761 1413 1825 sibi

229 1851 308 1935 ipsis
332 1852 398 1915 ullo
421 1857 517 1934 pacto
540 1851 712 1914 vendicare
735 1857 769 1914 et
793 1872 952 1934 usurpare
974 1872 1038 1915 non
1055 1855 1254 1932 presumant,
1272 1872 1331 1916 nec
1348 1851 1415 1916 sint

230 1943 300 2006 ausi
325 1941 420 2006 modo
443 1941 588 2024 aliquali.
621 1941 728 2004 Immo
752 1941 869 2006 damus
893 1948 926 2006 et
949 1940 1153 2021 conferimus,
1186 1941 1414 2006 transferimus

233 2037 266 2096 et
288 2031 464 2096 annuimus
497 2037 530 2096 et
562 2030 767 2095 concedimus
800 2031 918 2096 harum
950 2037 1147 2110 nostrarum,
1181 2053 1261 2112 quas
1291 2037 1413 2095 secreto

232 2121 339 2204 sigillo
372 2128 492 2203 nostro,
525 2126 651 2203 quent
673 2141 731 2184 rex
755 2121 929 2204 Hungarie
953 2122 1086 2201 utimur,
1119 2123 1312 2185 communiri
1337 2121 1414 2186 feci·

231 2234 311 2292 muS,
336 2214 448 2296 vigore
471 2215 505 2275 et
528 2211 715 2276 testimonio
738 2211 911 2276 literarum
935 2211 1107 2276 mediante.
1132 2210 1266 2274 Datum.

337 2369 378 2422 Ar
396 2370 455 2423 irat
473 2369 553 2423 e'ldc:
582 2369 745 2422 Annuencia
771 2369 1008 2439 jurispatronatus
1027 2368 1056 2420 in
1075 2383 1222 2439 personam
1252 2368 1412 2422 secularem.

337 2512 447 2583 (Kassai
466 2512 626 2580 formulare,
645 2511 665 2568 f.
687 2513 768 2577 146l.)

754 2731 890 2816 nxrx.

716 2914 800 2974 1513
825 2910 930 2976 korul.

230 3075 279 3138 ΙΙ.
312 3073 442 3152 Uldsalo'
474 3071 585 3154 lirdlg
617 3070 756 3154 leogart
787 3070 882 3154 joth
912 3070 1046 3136 Pdlo'cai
1078 3069 1210 3153 Mibdlp
1248 3069 1414 3150 sbpiacae·

230 3168 381 3228 mesterre
398 3162 591 3241 rto-codam,
615 3161 783 3244 olple‘peo,
807 3160 890 3244 boqy
906 3181 927 3224 a
942 3159 1129 3242 cesapre‘mi,
1143 3159 1248 3244 qu'ri,
1264 3159 1413 3238 csoaddi,

230 3253 331 3333 odori,
364 3251 496 3336 aptant
525 3251 748 3335 pdspo'lrse'qeb
771 3253 803 3314 e‘s
827 3271 848 3315 a
871 3247 1041 3329 febe'rvdrt
1070 3251 1301 3334 prepostsdqolr
1331 3271 1412 3334 meq-

230 3343 455 3410 dresede'sedor
495 3361 574 3406 eaeo
613 3340 825 3424 jacodobaclr
858 3339 985 3424 oppilet
1017 3361 1057 3405 aa
1089 3345 1107 3403 ὅ
1139 3341 1414 3420 crootodccseaelr,

453 3429 591 3515 Osoboly
614 3431 830 3497 Fereaoaoek
855 3425 1195 3514 odomdayoabasso.¹)

336 3593 406 3659 Nos
422 3592 626 3656 Wladislaus
651 3599 711 3656 etc.
736 3591 895 3656 Memoris
919 3591 1182 3655 commendamus
1205 3595 1319 3654 tenore
1341 3610 1413 3670 pre-

229 3683 374 3747 sencium
406 3682 629 3766 significantes
652 3688 712 3747 etc.
745 3680 840 3764 Quod
865 3703 923 3745 nos
948 3680 1075 3745 inducti
1104 3679 1230 3743 meritis
1254 3685 1287 3742 et
1311 3677 1414 3741 virtu-

229 3773 319 3837 tibus
350 3773 544 3836 venerabilis
576 3773 725 3854 magistri
760 3768 822 3853 ιβ’)
855 3771 1040 3836 consobrini
1073 3769 1177 3833 fidelis
1210 3769 1314 3832 nostri
1347 3789 1414 3831 ma-

229 3863 339 3945 gnifici
371 3862 545 3926 Michaelis
569 3862 609 3925 de
633 3861 750 3926 Palocz
774 3862 1005 3944 pincernarum
1039 3865 1225 3924 nostrarum
1254 3858 1414 3940 regalium

228 3953 387 4035 magistri,
427 3953 546 4034 quibus
579 3951 725 4031 eundem,
769 3951 999 4015 nonnullorum
1042 3949 1187 4013 fidelium
1229 3953 1414 4012 nostrorum

227 4042 393 4125 fidedigna
416 4042 585 4120 relacione,
610 4042 776 4123 preditum
801 4062 868 4105 esse
892 4039 1106 4123 cognovimus,
1130 4038 1288 4102 habentes
1312 4038 1414 4103 eciam

227 4138 411 4214 respectum
445 4133 487 4195 ad
521 4131 643 4194 claram
674 4131 859 4213 prosapiam
892 4130 989 4194 simul
1022 4131 1124 4193 eciam
1157 4127 1325 4192 cumulata
1348 4149 1413 4193 me-

228 4222 296 4286 rita
334 4222 455 4304 prefati
494 4219 667 4284 Michaelis
700 4220 846 4303 Paloczy,
881 4221 937 4302 qui
967 4219 1060 4283 nobis
1092 4219 1134 4283 ab
1159 4218 1293 4281 ineunte
1326 4223 1414 4282 etate

228 4333 289 4375 sua
320 4312 461 4375 fideliter
494 4317 526 4373 et
559 4316 746 4374 constanter
785 4311 925 4390 servivit,
958 4330 1055 4390 seque
1088 4308 1128 4372 de
1162 4309 1254 4372 nobis
1293 4309 1414 4390 optime
1463 4319 1468 4328 ’

229 4433 443 4444 --..-,

338 4490 358 4549 ¹)
375 4487 492 4554 Osahcly
511 4491 631 4540 Ferencz
653 4487 788 4538 itu-ben
808 4504 824 4537 a
843 4483 955 4540 csanadi
976 4483 1162 4556 piispdkseget
1181 4486 1279 4550 nyerte
1298 4483 1332 4538 el.

339 4561 358 4623 ⁹)
381 4557 538 4614 vl'rancisci
561 4557 709 4630 cheholy.«
