3458 5492
310 445 374 504 214
805 449 993 502 ornaverim

309 637 521 700 reclamatum
555 635 683 718 saepius
708 641 757 699 est
780 633 856 698 huio
879 634 967 698 facto
991 639 1024 696 et
1047 639 1085 696 ut
1109 653 1148 696 ex
1172 630 1321 695 articulis
1344 629 1491 694 recitatis

309 733 454 808 apparet,
478 725 657 789 identidem
681 725 857 803 decretum,
881 745 921 786 ne
937 743 1052 786 vacare
1068 722 1255 797 sinerentur
1273 721 1491 802 praelaturae,

309 815 512 898 potissimum
536 835 611 878 vero
634 813 940 896 archiepiscopatur.
965 813 1011 876 Et
1031 832 1108 876 sane
1124 811 1273 874 luctuosa
1296 810 1386 874 illius
1411 816 1491 872 tem·

308 906 394 987 poris
426 905 590 984 memoria,
623 925 687 985 quo
721 925 777 986 per
810 923 910 966 annos
946 906 988 966 24
1020 902 1149 966 vacavit
1191 899 1491 982 archiepiscopatus

310 995 552 1076 Strigoniensis,
577 994 657 1058 satis
681 993 824 1058 ostendit
849 993 965 1074 quanti
989 991 1128 1074 periculi
1152 991 1194 1053 sit
1218 989 1370 1054 vacantia
1394 988 1492 1051 relin-

309 1105 408 1166 quere
431 1083 596 1150 benefioia.
621 1084 715 1148 Tunc
738 1084 823 1146 enim
847 1082 989 1146 haeresis
1012 1081 1061 1146 ita
1086 1081 1120 1144 in
1144 1079 1321 1160 Hungaria
1344 1077 1492 1156 invaluit,

311 1184 348 1237 ut
372 1196 412 1238 ex
440 1174 602 1256 parochiis
633 1173 807 1255 plusquam
840 1171 1045 1254 octingentis,
1078 1189 1162 1252 quae
1195 1168 1254 1232 sub
1280 1168 1492 1250 archiepisco-

310 1270 390 1346 patu
415 1262 631 1345 Strigcniensi
648 1269 749 1342 erant,
763 1261 985 1344 septingentas
1001 1259 1171 1343 occupavit
1187 1259 1338 1338 haeresis,
1360 1265 1493 1340 praeter

310 1353 462 1418 abbatias
486 1353 617 1417 circiter
642 1357 683 1416 30
708 1357 741 1415 et
763 1351 1007 1434 praeposituras
1031 1350 1161 1414 circiter
1187 1352 1246 1427 25,
1271 1369 1355 1430 quae
1378 1347 1492 1411 itidem

311 1443 377 1506 lere
401 1463 510 1506 omnes
534 1443 698 1506 desolatae
722 1447 755 1512 et
778 1443 863 1506 bona
880 1442 914 1504 in
930 1459 1046 1504 manus
1062 1438 1301 1503 haereticorum
1325 1438 1413 1517 data,
1437 1459 1494 1499 uo-

311 1533 422 1614 visque
446 1532 654 1614 dogmatibus
678 1531 801 1596 infecta
827 1530 927 1594 fuere.
961 1529 1053 1593 Haec
1077 1534 1173 1594 tanta
1192 1527 1304 1592 clades
1327 1527 1494 1610 religionis

312 1643 479 1702 nunquam
504 1629 616 1686 secuta
640 1616 762 1700 fuisset,
786 1620 813 1684 si
836 1619 898 1684 hae
922 1619 1091 1686 vacantiae
1110 1639 1179 1682 non
1203 1617 1350 1682 fuissent.

706 1831 923 1916 Quaestio
949 1833 1099 1896 tertia.

419 1978 475 2044 An
491 2001 583 2061 reges
598 1979 723 2062 possint
740 1980 955 2062 oppignorare
975 1975 1132 2042 beneficia
1149 1975 1366 2040 ecclesiastica
1384 1994 1493 2038 saecu-

311 2068 461 2136 laribus?
486 2067 642 2152 Quaestio
666 2070 746 2140 haec
770 2069 957 2134 examinata
980 2089 1017 2132 ac
1041 2066 1184 2130 resoluta
1208 2071 1256 2129 est
1279 2064 1436 2148 superius

700 2281 916 2366 Quaestio
940 2289 1112 2366 quarta.

419 2428 477 2504 ‚An
500 2429 602 2510 possit
625 2451 683 2493 rex
706 2427 901 2509 Hungariae
925 2434 1069 2510 tempore
1094 2426 1271 2492 vacationis
1291 2422 1399 2507 ajure
1422 2445 1495 2505 per-

313 2521 408 2584 misso
431 2519 560 2583 fructus
583 2517 814 2583 beneficiorum
838 2514 1029 2600 percipere?

420 2608 462 2672 In
486 2609 558 2689 jure
582 2617 768 2672 concessum
791 2613 840 2671 est
864 2607 966 2671 trium
990 2605 1149 2670 mensium
1174 2605 1316 2687 spatium
1340 2603 1495 2686 patronis,

314 2706 352 2764 ut
384 2697 526 2762 ecclesiis
560 2696 804 2761 cathedralibus
836 2697 1030 2778 provideant
1062 2696 1128 2760 sive
1151 2693 1397 2776 praesentando,
1430 2692 1495 2756 sive
1532 2761 1539 2777 ὰ

315 2788 462 2871 eligendo
485 2788 677 2871 praelatum,
703 2793 859 2868 utsupra
882 2785 1083 2864 notavimus,
1107 2807 1171 2867 quo
1195 2791 1339 2866 tempore
1364 2782 1496 2865 patroni

314 2878 495 2942 custodiam
527 2876 758 2942 beneficiorum
790 2876 910 2940 habere
942 2882 1086 2956 possunt.
1126 2873 1262 2938 Certum
1300 2873 1405 2955 igitur
1438 2879 1495 2950 est,

314 2969 403 3032 intra
427 2975 554 3049 tempus
573 2967 680 3048 ajuro
703 2965 896 3046 permissum
921 2964 1053 3028 concedi
1076 2985 1167 3048 posse
1191 2962 1323 3046 regibus
1347 2961 1496 3026 christia-

315 3059 374 3130 nis,
399 3064 437 3121 ut
452 3063 611 3138 tanquam
634 3055 795 3138 regalium
817 3055 1002 3138 percipiant
1025 3055 1152 3118 fructus
1176 3052 1414 3122 beneficiorum.
1439 3052 1495 3114 Ita

315 3169 387 3212 cum
411 3146 484 3212 aliis
508 3147 687 3210 Tolosanus
710 3145 766 3209 lib.
798 3149 837 3207 57
863 3143 1087 3227 Syutagmatis
1111 3143 1189 3226 Oap.
1215 3148 1265 3205 57.
1289 3142 1350 3207 No.
1376 3146 1426 3219 23,
1453 3146 1493 3203 ab·

315 3243 421 3320 potest
446 3230 584 3318 (iuquit)
608 3235 658 3298 vel
682 3235 739 3318 qui
761 3235 914 3298 fundavit
931 3235 1095 3298 ecclesiam
1121 3234 1184 3298 sibi
1209 3254 1336 3296 servare
1359 3232 1419 3294 hoo
1443 3232 1494 3312 jus

228 3383 229 3387 ,
316 3334 353 3390 ut
385 3325 578 3392 adveniente
610 3325 779 3390 vacatione
811 3324 939 3388 fructus
971 3324 1034 3407 ipsi
1066 3324 1192 3402 cedant,
1226 3323 1275 3386 vel
1304 3322 1381 3404 quia
1406 3320 1496 3382 feudi

315 3416 396 3498 regii
421 3421 497 3479 sunt
529 3414 689 3494 eeclesiae,
722 3414 859 3496 ideoque
886 3415 1033 3496 praelato
1059 3420 1187 3477 mortuo
1211 3412 1254 3477 ad
1277 3432 1387 3492 regem
1411 3410 1497 3473 redit

315 3505 508 3570 beneficium
540 3510 710 3586 tamquam
741 3504 885 3583 feudum,
918 3509 957 3566 ut
979 3502 1114 3585 proinde
1138 3503 1267 3568 collatio
1291 3500 1441 3566 beneficii
1464 3507 1497 3562 et

316 3598 445 3659 fructus
476 3594 565 3658 illius
597 3593 639 3656 ad
672 3614 747 3657 eum
778 3594 984 3676 pertineant,
1017 3593 1067 3656 vel
1099 3593 1178 3675 quia
1210 3615 1271 3657 usu
1304 3590 1498 3670 etantiqua

318 3684 560 3764 consuetudine,
584 3685 677 3766 cujus
701 3683 789 3746 initii
808 3704 873 3746 non
889 3689 997 3746 exstat
1012 3683 1175 3761 memoria,
1199 3682 1497 3764 praescripserunt:

316 3775 365 3837 vel
398 3775 547 3855 denique,
580 3773 658 3854 quia
689 3773 724 3836 id
757 3793 841 3855 papa
865 3773 1049 3855 specialiter
1073 3773 1171 3836 alicui
1194 3794 1308 3853 regum
1332 3769 1497 3834 concessit.

317 3866 436 3945 ltaque
469 3864 518 3926 vel
545 3864 673 3928 ratione
697 3862 909 3941 fundationis,
942 3863 992 3926 vel
1016 3862 1144 3926 ratione
1166 3862 1266 3939 feudi,
1299 3861 1349 3924 vel
1371 3860 1498 3922 ratione

317 3953 589 4037 praescriptionis,
622 3951 671 4015 vel
704 3973 743 4016 ex
777 3953 944 4034 privilegio
969 3959 1076 4035 potest
1100 3953 1232 4034 regibus
1256 3952 1315 4019 hoe
1340 3951 1391 4032 jus
1415 3969 1498 4010 com-

317 4052 436 4126 petere.

424 4134 529 4196 Immo
554 4132 593 4195 de
616 4133 704 4196 facto
728 4133 860 4214 regibus
884 4128 1013 4196 Galliae
1038 4131 1099 4194 hoc
1122 4132 1173 4213 jus
1197 4134 1388 4214 competere,
1413 4127 1499 4190 idem

318 4223 385 4304 ipse
411 4222 589 4285 Tolosanus
612 4221 734 4304 aliique
758 4221 943 4300 affirmant,
968 4243 1043 4284 nam
1060 4221 1146 4284 inter
1164 4221 1229 4285 alia
1244 4219 1367 4301 regalia
1384 4237 1499 4280 vacan-

317 4313 401 4375 tium
425 4311 762 4393 archiepiscopatuum
785 4317 819 4375 et
842 4311 1087 4394 episcopatuum
1111 4311 1237 4374 fructus
1261 4310 1329 4390 ipse
1352 4305 1500 4389 percipit,

318 4403 384 4465 sive
407 4402 440 4465 id
465 4401 592 4464 ratione
616 4401 715 4479 feudi,
749 4401 815 4466 sive
843 4403 969 4466 ratione
993 4400 1158 4464 custodiae
1183 4400 1260 4462 dum
1283 4403 1379 4461 vacat
1402 4396 1499 4459 bene-

318 4491 436 4568 ficium,
461 4490 526 4554 sive
550 4490 627 4571 quia
643 4491 677 4554 id
694 4491 884 4555 Bonifacius
899 4490 993 4557 VIII
1009 4490 1165 4554 concessit
1181 4488 1333 4570 Philippo
1349 4485 1500 4562 Pulchro,

319 4587 357 4644 ut
381 4579 558 4646 Tolosanus
581 4581 732 4646 ostendit.
