3436 5500
409 469 575 510 autores
596 457 1138 514 rru.sssrus1roorosrnsuusnrz.
1190 436 1193 447 ‘
1312 445 1363 496 XV

285 643 353 708 Nos
377 642 480 724 igitur
504 639 684 724 Georgium
708 643 893 726 episcopum
918 664 956 706 ac
980 645 1125 708 consules
1148 643 1293 726 prefatos
1309 693 1315 706 .
1333 691 1363 706 ..

178 733 393 798 donacionem
417 738 450 796 et
473 733 711 806 concessionem
742 733 915 815 predictas,
947 733 1146 798 auctoritate
1178 733 1363 816 apostolica,

177 830 290 888 tenore
323 821 528 905 presencium
559 822 779 904 approbamus
811 827 845 886 et
877 821 1113 902 confirmamus,
1146 843 1184 887 ac
1208 823 1364 906 perpetue

177 913 346 978 firmitatis
386 910 487 975 robur
519 912 669 976 obtinere
702 917 735 975 et
767 911 1001 976 inviolabiliter
1042 911 1207 976 observari
1245 912 1364 976 debere

178 1002 453 1068 decernimus...
478 999 605 1064 Datum
628 1001 732 1064 Rome
756 1002 842 1084 apud
866 1008 1017 1066 sanctum
1040 1001 1179 1066 Petrum
1207 1023 1291 1066 anno
1314 1003 1365 1065 in-

178 1091 381 1156 carnacionis
414 1090 573 1154 dominice
607 1090 776 1154 millesimo
809 1091 1069 1172 quingentesimo
1095 1091 1227 1170 decime,
1251 1097 1364 1156 octavo

177 1181 252 1245 idus
275 1179 461 1260 Februarii,
485 1179 696 1262 pontificatus
720 1181 824 1244 nostri
848 1201 933 1244 anno
957 1195 1050 1245 nono.

285 1342 322 1402 (A
349 1343 427 1390 bulla
455 1335 598 1404 eredetije,
627 1354 658 1390 az
686 1339 913 1404 olom-pecsettel,
944 1343 1032 1390 Kassa
1058 1343 1139 1390 sak.
1169 1341 1247 1391 vairos
1276 1342 1363 1391 titkos

177 1413 378 1466 leveltaniban.
398 1414 426 1462 0.
447 1407 501 1478 63.)

630 1632 632 1636 ¹
729 1643 809 1711 VII.

590 1808 684 1868 1525.
708 1805 882 1868 november
908 1810 958 1868 29.
1021 1809 1023 1816 '

180 1965 292 2031 Kassa
315 1967 434 2030 adroso
457 1982 478 2027 a
495 1961 605 2046 jasadr'
625 1949 848 2046 prepostscipot
871 1963 994 2030 Baetae
1016 1963 1220 2046 premoptrer'
1243 1985 1366 2030 caerre-

576 2053 690 2118 tcsaelr
714 2053 967 2136 adoradupoara.

286 2207 356 2274 Nos
379 2207 479 2290 judex
504 2211 537 2270 et
559 2207 663 2288 jurati
686 2205 770 2270 cives
794 2206 937 2272 civitatis
962 2205 1180 2272 Oassoviensis
1204 2205 1366 2290 significa-

182 2319 253 2362 mus
287 2305 399 2362 tenore
431 2296 635 2380 presencium
669 2296 788 2378 quibus
822 2295 953 2377 expedit
986 2297 1154 2377 universis
1189 2297 1276 2379 quod
1309 2317 1367 2359 nos

181 2387 370 2454 litterarum
394 2387 541 2465 sciencia,
566 2385 632 2450 vite
655 2406 693 2449 ac
716 2407 843 2450 morum
866 2385 1027 2466 honestas,
1051 2387 1181 2470 aliaque
1204 2387 1366 2450 virtutum

179 2476 305 2556 merita,
330 2477 450 2560 quibus
473 2475 660 2558 religiosum
685 2474 822 2541 fratrem
839 2474 1054 2540 Valentinum
1078 2476 1118 2541 de
1134 2476 1160 2541 J
1162 2497 1256 2556 azow,
1281 2476 1367 2540 ordi-

179 2568 230 2630 nis
253 2565 576 2644 Premonstratensis,
605 2565 646 2628 ab
671 2565 829 2628 altissimo
852 2563 1048 2648 insignitum
1070 2567 1287 2648 cognovimus,
1310 2585 1367 2628 nos

180 2657 327 2720 excitant
360 2662 393 2720 et
425 2655 596 2735 inducunt,
629 2659 667 2716 ut
700 2653 839 2718 eundem
863 2655 961 2736 digno
986 2673 1230 2738 prosequamur
1248 2655 1367 2719 favore.

181 2743 264 2830 Cum
296 2745 410 2827 itaque
441 2744 648 2827 prepositura
678 2743 880 2820 honorabilis
912 2751 1088 2810 conventus
1122 2746 1254 2810 ecclesie
1278 2744 1367 2810 beati

180 2835 344 2900 Johannis
367 2834 512 2916 baptiste
536 2835 575 2898 de
598 2832 726 2915 prefato
750 2833 872 2912 Jazow,
901 2854 958 2916 per
982 2841 1121 2899 mortem
1144 2843 1177 2898 et
1201 2835 1368 2899 decessum

181 2923 325 3006 religiosi
349 2923 463 2988 fratris
488 2921 651 3005 Gregorii,
669 2922 819 2986 eiusdem
844 2930 1020 2988 conventus
1043 2925 1210 3007 prepositi,
1229 2924 1272 2988 ad
1295 2946 1367 3006 pre-

181 3035 253 3082 sens
278 3013 412 3096 dejure
436 3019 469 3078 et
497 3013 537 3077 de
570 3013 657 3076 facto
690 3017 792 3092 vacet,
826 3014 1024 3077 auctoritate
1056 3014 1139 3096 juris
1171 3019 1367 3096 patronatus

180 3103 292 3183 nostri,
318 3124 416 3186 quam
439 3109 513 3186 post
536 3101 840 3166 reverendissimum
864 3102 1029 3166 dominum
1064 3104 1231 3168 dominum
1265 3101 1367 3168 Geor-

183 3193 280 3274 gium,
311 3192 375 3256 Dei
400 3197 433 3256 et
457 3193 632 3275 apostolice
656 3191 740 3255 sedis
764 3191 876 3272 gracia
899 3193 1083 3275 episcopum
1108 3193 1241 3256 ecclesie
1264 3190 1368 3275 Quiu-

182 3281 454 3366 queecolesiensis,
471 3282 638 3346 dominum
662 3281 755 3345 nobis
779 3281 1053 3362 graciosissimum
1076 3281 1250 3364 superinde
1275 3283 1368 3348 nobis

183 3372 299 3458 datum
314 3377 348 3435 et
364 3393 549 3436 concessum
569 3371 756 3449 habeamus
773 3371 1005 3452 premissorum
1022 3371 1102 3436 dicti
1119 3372 1234 3436 fratris
1246 3372 1369 3438 Valen-

182 3461 244 3525 tini
277 3461 469 3524 meritorum
501 3461 636 3540 intuitu,
669 3461 910 3542 preposituram
942 3461 1045 3544 ipsam
1076 3461 1116 3526 dc
1138 3461 1260 3541 Jazow,
1294 3483 1368 3529 cum

182 3551 333 3616 omnibus
357 3551 486 3632 juribus
510 3557 542 3614 et
566 3551 776 3633 pertinenciis
810 3550 885 3630 suis,
920 3550 1024 3614 eidem
1056 3557 1089 3614 et
1122 3551 1245 3616 nemini
1271 3551 1369 3618 alteri

183 3641 327 3706 dandum
360 3647 395 3719 et
428 3639 660 3704 conferendum
693 3639 855 3720 duximus
888 3661 925 3704 ao
959 3640 1004 3706 illi
1039 3641 1131 3705 cuius
1157 3641 1296 3706 interest
1319 3641 1369 3706 vel

182 3729 336 3794 intererit
368 3729 411 3822 ad
444 3728 703 3794 confirmandum
734 3729 1008 3811 presentandum;
1048 3731 1096 3794 ita
1129 3736 1247 3810 tamen,
1281 3730 1369 3816 quod

182 3821 250 3902 ipse
274 3819 474 3884 sufficientes
498 3819 617 3883 fratres
640 3819 690 3882 sui
715 3818 847 3896 ordinis,
875 3819 970 3900 juxta
995 3825 1212 3900 proventuum
1235 3841 1370 3884 suorum

183 3908 405 3992 quantitatem
437 3929 566 3973 servare
593 3914 632 3972 ‘et
664 3915 776 3972 tenere
809 3906 936 3986 debeat,
972 3917 1006 3972 et
1038 3909 1218 3974 adstrictus
1252 3911 1294 3974 sit
1327 3909 1375 3972 ad

184 3999 330 4083 divinum
354 3996 482 4062 cultum
499 4001 535 4062 in
551 3998 693 4062 elaustro
717 4003 895 4061 memorato
920 3998 1010 4062 beati
1026 3998 1190 4062 Johannis
1213 4017 1368 4082 peragen-

183 4089 278 4170 dum;
311 4088 376 4152 imo
411 4087 526 4152 damus
550 4093 582 4151 et
616 4087 821 4166 conferimus,
853 4093 953 4168 atque
985 4094 1217 4170 presentamus,
1251 4089 1369 4152 ha'rum

183 4185 370 4242 nostrarum
403 4178 513 4260 vigore
536 4183 570 4240 et
595 4176 782 4241 testimonia
814 4176 1003 4242 litterarum
1035 4178 1208 4242 mediante.
1242 4177 1370 4242 Datum

184 4265 334 4333 Oassovie
357 4268 441 4331 feria
465 4273 585 4350 quarta
608 4273 686 4332 ante
708 4266 829 4330 festum
848 4268 954 4330 sancti
969 4267 1105 4332 Andree
1120 4269 1267 4351 apostoli,
1283 4289 1369 4332 anno

184 4358 445 4440 quingentesimo
468 4359 621 4440 vigesimo
646 4356 769 4439 quinto.

183 4591 202 4638 b
268 4513 452 4656 GOErepetije,
471 4517 632 4583 ranyomott
650 4515 792 4582 pecsettel,
811 4517 898 4566 Kassa
918 4531 953 4566 sa.
973 4518 1000 4566 k.
1014 4515 1094 4566 varos
1113 4513 1200 4568 titkos
1222 4517 1370 4569 leveltara·

205 4603 247 4639 an.
289 4627 295 4639 .
316 4595 359 4640 71,
