3436 5500
328 407 355 452 X
666 487 668 492 Ι
827 418 1014 470 osuavnnrln

329 599 565 682 Strigoniensis
580 602 707 684 locique
731 602 875 666 eiusdem
898 623 1003 666 comes
1026 608 1212 686 perpetuae,
1235 601 1356 685 primas
1381 607 1413 664 et
1437 619 1514 680 apo-

328 691 439 755 stolice
458 691 543 756 sedis
559 692 686 774 legatus
701 698 808 756 natue.
829 691 969 758 Dilectis
984 694 1106 756 nostris
1121 693 1155 756 in
1172 690 1303 757 Ohristo
1320 691 1513 770 circumspe-

329 780 390 844 ctis
415 787 448 844 et
473 781 692 863 prudentibus
716 781 794 845 viris
818 781 919 864 judici
944 787 978 844 et
1002 782 1121 864 juratis
1147 781 1271 854 civibus
1299 779 1411 863 oppidi
1435 777 1514 842 Cas-

326 871 481 934 sotiensis
509 871 648 936 salutem
674 876 707 934 et
729 876 865 954 paterne
888 871 1038 936 caritatis
1064 869 1224 935 effectum.
1256 868 1342 935 Oum
1373 868 1454 933 alias
1478 867 1512 930 in

328 959 445 1043 oppido
470 967 576 1024 vestro
600 961 834 1024 monasterium
865 961 997 1026 ecclesie
1029 961 1124 1025 beate
1157 960 1266 1027 Marie
1289 959 1423 1041 virginis
1448 956 1514 1032 fra-

329 1056 417 1114 trum
440 1049 564 1114 ordinis
587 1049 839 1132 predicatorum,
872 1051 1050 1132 apostoliea
1074 1056 1106 1113 et
1130 1051 1221 1131 regia
1250 1047 1513 1124 auetoritatibus,

329 1139 423 1202 nobis
447 1139 481 1202 in
505 1139 566 1203 bac
589 1145 684 1221 parte
708 1140 893 1222 specialiter
916 1141 1100 1211 commissis,
1134 1139 1402 1204 reformacionem
1428 1135 1513 1200 salu-

329 1235 434 1292 tarem
466 1229 715 1308 instituerimus
750 1229 935 1311 fratresque
968 1229 1049 1293 dicti
1081 1229 1205 1294 ordinis
1229 1229 1268 1292 de
1296 1226 1514 1303 observancia,

328 1318 422 1400 juxta
455 1319 621 1400 regularia
653 1318 809 1382 instituta
842 1326 875 1382 et
908 1319 1160 1383 constituciones
1193 1319 1353 1382 salutares
1391 1315 1513 1398 prefati

329 1407 452 1470 ordinis
477 1409 628 1488 viventes
652 1429 709 1472 nos
733 1408 984 1487 instituerimus
1008 1409 1158 1490 ipsosque
1181 1409 1302 1472 fratres
1327 1428 1364 1471 ac
1388 1425 1514 1468 sacram

328 1496 518 1578 religionem
552 1498 727 1561 eorundem
761 1499 920 1580 plantare,
953 1498 1200 1580 plantatamque
1233 1497 1340 1562 fovere
1363 1493 1515 1559 omnibus

329 1585 432 1650 modis
457 1587 632 1652 debeamus
656 1593 688 1651 et
713 1595 903 1666 teneamur,
936 1609 994 1668 pro
1028 1609 1064 1652 eo
1092 1586 1376 1670 circumspeccioni
1399 1591 1514 1662 vestre,

330 1675 426 1740 dictis
458 1677 634 1759 apostolica
669 1683 702 1739 et
733 1677 824 1758 regia
858 1677 1121 1756 auctoritatibus,
1156 1699 1213 1759 per
1234 1683 1405 1758 presentes
1430 1694 1513 1737 com-

329 1765 492 1830 mittimus
517 1773 549 1829 et
573 1765 774 1844 mandamus
800 1773 962 1848 quatenus
986 1767 1112 1830 eosdem
1141 1766 1261 1829 fratres
1293 1765 1515 1848 predicatores

330 1854 370 1918 de
403 1855 613 1920 observancia
645 1856 679 1919 in
711 1855 839 1937 prefato
872 1857 1068 1920 monasterio
1105 1856 1199 1920 beate
1238 1855 1347 1920 Mario
1379 1851 1514 1934 virginis

330 1945 533 2024 constitutos,
558 1945 599 2008 ab
624 1944 775 2010 omnibus
799 1945 923 2009 illicitis
946 1945 1219 2028 impeticionibus,
1247 1946 1416 2026 signanter
1439 1963 1514 2005 vero

330 2035 533 2099 afratribus
566 2034 836 2099 conventualibus
868 2035 950 2098 dicti
982 2035 1114 2115 ordinis,
1138 2035 1198 2099 sub
1223 2033 1342 2097 vicario
1371 2029 1515 2115 generali

330 2124 472 2187 fratrum
495 2125 786 2188 observancialium
810 2145 874 2188 non
898 2125 1128 2204 militantibus,
1148 2123 1279 2188 eciamsi
1303 2123 1384 2187 tales
1408 2127 1516 2185 essent

330 2215 386 2294 qui
411 2235 443 2278 se
467 2213 637 2296 quidpiam
660 2215 870 2278 auctoritatis
894 2235 990 2296 super
1015 2214 1119 2280 dictos
1143 2213 1262 2278 fratres
1290 2212 1516 2276 observancia-

329 2304 375 2366 les
399 2309 432 2366 et
456 2310 633 2368 conventus
657 2303 834 2368 eorundem
858 2303 978 2368 habere
1007 2303 1250 2382 contenderent,
1284 2301 1457 2366 defendere
1481 2305 1515 2364 et

330 2399 501 2475 protegere
524 2393 627 2456 modis
651 2393 802 2458 omnibus
825 2393 964 2473 facia-tie,
984 2400 1022 2456 ut
1045 2393 1091 2457 sic
1114 2391 1177 2475 ipsi
1201 2393 1320 2456 fratres
1343 2391 1515 2455 observan-

331 2482 437 2556 ciales
462 2482 571 2564 quiete
595 2490 629 2546 et
651 2482 784 2566 pacifice
813 2483 943 2547 domino
974 2482 1173 2548 'famulantes
1206 2481 1359 2546 uberiora
1390 2480 1517 2562 possint

329 2571 467 2654 adipisci
491 2573 653 2636 virtutum
676 2572 886 2637 incrementa.
909 2571 1037 2635 Datum
1048 2570 1189 2635 Wienne
1212 2571 1246 2634 in
1271 2571 1383 2652 vigilia
1406 2589 1515 2634 ascen-

330 2661 429 2725 sionis
454 2661 585 2741 domini,
602 2683 687 2724 anno
712 2662 855 2726 eiusdem
880 2662 1049 2725 millesimo
1074 2661 1396 2744 quadringentesimo
1421 2659 1516 2740 quin-

330 2749 515 2833 quagesimo
540 2751 664 2834 quinto.

438 2908 589 2973 (Eredetije
608 2914 696 2962 Kassa
715 2925 750 2960 sz.
770 2913 796 2960 k.
817 2910 896 2960 varos
916 2909 1115 2960 levdltdrdban.
1138 2909 1252 2973 lapsa)

915 3075 932 3109 *

404 3267 406 3272 ’
440 3253 485 3326 V.
514 3252 646 3327 Laszlo
675 3255 803 3348 kiraly
822 3253 886 3327 ota
916 3257 1031 3327 siiriin
1060 3253 1257 3326 fordultak
1286 3250 1343 3323 eld
1372 3274 1414 3322 az
1443 3272 1518 3321 ese-

331 3380 408 3468 tek,
437 3379 626 3451 amikora
652 3379 852 3475 kdptalani
881 3379 919 3452 ds
947 3381 1067 3476 egydb
1093 3377 1340 3476 javadalmak
1369 3375 1519 3446 adoma-

331 3505 513 3608 nyozaisat
549 3503 659 3610 illetd¹
691 3506 834 3599 kiralyi
873 3505 1037 3600 kegyuri
1071 3505 1139 3600 jog
1167 3527 1210 3575 aa
1238 3502 1518 3596 egyhazmegye

332 3630 531 3726 fdpapjaira
558 3631 799 3705 ruhdztatott
828 3632 877 3704 at.

440 3756 677 3849 Figyelemre
721 3754 846 3846 me'lto,
890 3758 992 3850 hogy
1030 3755 1173 3828 Vineae
1211 3755 1317 3848 vaczi
1359 3753 1520 3850 piispiik,

333 3880 485 3973 Mdtyds
522 3881 751 3954 uralkodasa
789 3882 896 3970 alatt,
942 3905 1031 3952 ezen
1072 3879 1273 3952 dtruhazais
1311 3878 1520 3972 kanonjogi

334 4005 601 4100 e'rvenyessege
639 4005 742 4080 irant
779 4006 1007 4102 ke'tsegeket
1043 4004 1193 4100 tdplatlt,
1235 4031 1251 4078 s
1290 4029 1329 4077 ez
1367 4005 1520 4099 iigyben

333 4129 505 4222 Romaba
533 4131 687 4221 fordult,
716 4157 738 4203 a
759 4132 869 4205 mirdl
888 4133 939 4204 itt
957 4131 1106 4206 kdzldtt
1126 4127 1392 4227 supplicatidja
1411 4111 1521 4201 tanri-

316 4257 443 4350 satgot
470 4262 558 4329 tesz.
