3458 5492
792 475 980 531 11111νέ1111

827 805 959 872 XCIX.

740 974 834 1033 1589.
859 976 1044 1052 augusztus.

298 1134 328 1198 A
353 1153 490 1215 mappae·
523 1131 666 1214 fdpupolc
694 1132 876 1285 1111111111Ξ11ί
899 1131 1059 1285 (1111111111
1092 1129 1244 1195 hiboruolc
1278 1129 1481 1196 1111111111-

793 1241 840 1287 11
878 1243 931 1286 oao
945 1243 995 1305 up.

407 1383 620 1450 Serenissime
643 1385 802 1468 princepe,
828 1384 957 1449 domine
973 1385 1102 1449 domine
1118 1385 1211 1450 nobis
1228 1384 1482 1464 clementissime,

299 1475 484 1540 orationum
508 1480 541 1539 et
564 1473 710 1538 fidelium
733 1476 941 1540 servitiorum
964 1481 1160 1556 nostrorum,
1183 1475 1217 1539 11
1234 1475 1376 1558 gratiam
1399 1493 1483 1538 sere-

298 1565 414 1630 nitatis
437 1570 565 1628 vestrae
588 1564 805 1629 humillimam
833 1565 1152 1631 commendationem.
1176 1566 1308 1631 Literas
1335 1585 1483 1628 reveren-

300 1655 423 1720 dissimi
448 1661 480 1718 et
503 1655 716 1719 illustrissimi
740 1656 916 1720 cardinalis
935 1653 1103 1736 Gesualdi‚
1118 1657 1160 1720 ad
1184 1677 1275 1720 suam
1299 1675 1483 1720 caesaream

300 1747 487 1827 regiamque
511 1745 724 1826 majestatem,
750 1746 917 1810 dominum
941 1750 1089 1810 nostrum
1113 1746 1407 1826 clementissimum,
1431 1766 1483 1809 11-

299 1835 387 1899 tione
410 1836 533 1917 petitae
557 1833 813 1900 confirmationis
836 1842 976 1916 nostrae,
999 1836 1106 1901 adhuc
1129 1857 1238 1901 mense
1257 1836 1282 1900 J
1284 1837 1420 1900 anuario
1444 1855 1484 1900 ex

299 1924 881 2008 1111111111,1111111111111111
912 1932 1053 1990 vestram
1077 1925 1184 1990 tribus
1217 1926 1336 1990 abhinc
1369 1925 1483 1990 diebus

299 2015 393 2080 nobis
410 2019 586 2098 porrectae,
610 2014 785 2098 diligenter
803 2017 999 2099 perlegimus
1016 2023 1049 2082 et
1065 2017 1303 2100 perpendimus
1328 2013 1483 2098 Quamvis

299 2105 403 2188 igitur
427 2126 465 2169 ea
489 2105 557 2169 fere
576 2107 692 2186 omnia,
710 2106 1335 2188 11111111111111111111111111111
1354 2106 1483 2171 domino

299 2201 410 2259 nostro
444 2194 596 2278 pontifice
629 2195 770 2261 maximo
802 2195 1079 2262 confirmationem
1114 2198 1268 2278 attinent,
1300 2195 1484 2278 dequibus

299 2285 450 2350 videlicet
482 2285 721 2351 illustrissimus
754 2287 903 2351 dominus
937 2287 1113 2352 cardinalis
1137 2308 1194 2370 per
1217 2307 1309 2350 suam
1332 2287 1484 2369 majesta-

301 2381 367 2439 tem
400 2395 458 2438 111
490 2375 709 2440 admonendos
743 2398 809 2441 esse
842 2378 977 2458 censuit,
1008 2383 1082 2460 post
1115 2382 1283 2441 emanatas
1305 2376 1386 2440 istas
1409 2376 1483 2440 illu-

301 2465 452 2529 strissimi
485 2465 607 2530 domini
640 2467 818 2532 cardinalis
848 2467 971 2548 literas,
995 2468 1101 2532 medio
1124 2467 1291 2531 reverendi
1315 2465 1484 2530 Francisci

300 2554 487 2635 Diotalevii,
510 2557 687 2639 praepositi
711 2555 907 2638 Saghiensis,
931 2565 965 2622 et
988 2558 1076 2640 apud
1106 2563 1253 2622 sanctam
1278 2557 1386 2622 sedem
1410 2578 1483 2621 con-

300 2645 408 2709 munis
432 2646 536 2709 nostri
560 2645 695 2729 agentis
709 2669 767 2728 pro
787 2647 874 2711 virili
897 2647 1052 2730 perficere
1076 2647 1298 2712 studuerimus
1323 2646 1484 2729 1111111-

301 2737 449 2816 cerimus,
480 2736 572 2818 jussu
604 2743 714 2801 tamen
746 2738 932 2804 serenitatis
965 2743 1092 2802 vestrae
1125 2738 1307 2822 opinionem
1339 2743 1484 2801 nostram

300 2825 509 2909 proferemus.
546 2821 659 2908 Atque
691 2828 859 2910 imprimis,
883 2827 941 2892 ubi
972 2829 1211 2894 illustrissimus
1243 2827 1420 2892 cardinalis
1444 2827 1484 2891 de

300 2915 456 2980 vocabulo
480 2916 574 2980 electi
599 2915 755 2999 disputat,
772 2924 805 2983 et
829 2920 897 3002 ejus
922 2919 1095 2998 occasione,
1119 2919 1170 3002 jus
1188 2923 1383 3002 patronatus
1407 2938 1484 2980 suae

301 3006 493 3088 majestatis,
516 3011 676 3089 tanquam
699 3008 785 3090 regis
810 3008 1004 3092 Hungariae
1029 3009 1128 3074 tacite
1152 3011 1186 3072 in
1211 3008 1348 3073 dubium
1370 3028 1485 3071 vocare

302 3095 433 3176 nititur,
475 3117 538 3160 non
572 3097 747 3161 obscurum
779 3104 837 3179 est,
871 3099 905 3162 id
930 3104 1044 3163 contra
1073 3101 1124 3182 jus
1157 3104 1189 3162 et
1222 3099 1484 3181 praerogativam

301 3207 379 3250 suae
403 3186 584 3268 majestatis
607 3207 645 3252 ac
670 3208 780 3252 sacrae
803 3189 896 3272 regni
925 3208 1062 3253 coronae
1095 3189 1237 3254 tendere.
1271 3186 1366 3270 Quod
1399 3188 1484 3252 enim

301 3275 507 3359 privilegium
530 3276 612 3359 juris
635 3284 839 3360 patronatus,
873 3300 936 3362 quo
970 3300 1028 3342 sua
1055 3280 1208 3362 majestas
1232 3280 1282 3342 uti
1307 3299 1364 3342 rex
1388 3277 1484 3341 Hun-

302 3367 413 3448 gariae
436 3367 572 3448 potitur,
594 3367 758 3449 persimile
782 3389 849 3432 esse
864 3369 930 3451 juri
947 3369 1085 3432 aliorum
1102 3369 1355 3432 christianorum
1371 3389 1484 3450 regum

302 3457 427 3536 asserit,
460 3456 493 3519 id
519 3477 557 3518 ex
580 3457 650 3539 lege
673 3459 796 3542 scripta
820 3465 853 3522 et
876 3458 978 3522 veteri
1002 3459 1248 3542 approbataque
1272 3459 1365 3540 regni
1388 3457 1484 3521 Hun-

304 3547 414 3628 gariae
438 3547 673 3611 consuetudine
697 3556 846 3631 negatur.
869 3548 1090 3630 Posteaquam
1115 3548 1201 3612 enim
1226 3547 1391 3630 Hungari,
1411 3547 1485 3610 divo

303 3633 469 3718 Stephano
493 3657 569 3719 rege
592 3637 739 3718 authore,
763 3639 852 3702 velut
875 3638 989 3722 jubare
1014 3638 1154 3720 quodam
1179 3637 1316 3702 caelitus
1340 3638 1485 3718 11111111,

302 3726 535 3808 superstitione
557 3745 596 3790 ac
620 3727 807 3808 gentilitate
830 3730 981 3810 poenitus
1005 3728 1182 3808 eliminata,
1206 3727 1282 3792 fidei
1306 3727 1485 3793 catholicae

303 3815 420 3897 dogma
452 3837 629 3899 suscepere,
663 3838 720 3880 nec
754 3840 832 3900 gens
855 3819 966 3902 aliqua
991 3817 1216 3900 postmodum,
1231 3825 1289 3882 aut
1313 3818 1403 3883 natio
1426 3839 1484 3901 pro

302 3904 501 3988 reipublicae
524 3906 722 3971 christianae
746 3909 851 3972 tutela
874 3915 907 3972 11
930 3908 1164 3991 propagatione
1187 3910 1304 3988 arcius,
1329 3914 1388 3972 aut
1411 3928 1484 3972 con-

303 3995 445 4058 stantius
469 3996 546 4077 ipsis
570 3996 741 4079 Hungaris
766 3998 942 4077 dimicavit,
959 4003 991 4061 ct
1009 3998 1125 4062 Turcis
1149 3998 1380 4062 inmanissimis
1400 3998 1485 4060 chri-

303 4085 484 4148 stianitatis
507 4085 664 4168 hostibus,
687 4109 745 4169 per
769 4089 882 4153 caedes
896 4089 1031 4153 vulnera
1055 4095 1088 4152 et
1112 4090 1280 4170 sanguinis
1297 4086 1484 4152 effusionem

303 4173 435 4254 restitit,
477 4195 556 4238 neve
590 4176 715 4242 hostilis
747 4178 854 4243 rabies
889 4179 930 4242 ad
964 4178 1120 4242 viciniora
1153 4199 1255 4260 regna
1288 4183 1485 4260 penetraret,

304 4263 405 4328 veluti
429 4286 541 4328 murus
565 4265 761 4332 fortissimus
785 4270 905 4349 extitit,
937 4269 1082 4352 adeoque
1114 4269 1274 4351 reliquam
1298 4268 1484 4332 christiani-

304 4360 407 4418 tatem
440 4359 547 4416 tutam
579 4357 838 4441 incolumemque
862 4358 1014 4440 reddidit,
1037 4359 1110 4441 jure
1135 4358 1329 4440 Hungariae
1352 4357 1484 4439 regibus

303 4443 477 4525 peculiaris
509 4443 543 4506 in
577 4446 732 4528 eligendis
765 4455 798 4512 et
830 4447 1056 4531 praeficiendis
1089 4448 1297 4512 ecclesiarum
1329 4447 1485 4530 episcopis
1555 4447 1559 4456 ⁴

303 4533 438 4596 libertas
463 4541 682 4616 1111111111
706 4538 740 4600 in
766 4539 900 4603 concilio
920 4537 1164 4603 Constantiensi
1179 4537 1395 4620 jurisjurandi
1410 4537 1485 4600 reli-

305 4623 399 4706 gione
422 4621 553 4687 firmata
576 4625 649 4690 fuit.
683 4624 777 4711 Quod
802 4633 840 4692 ut
863 4628 1045 4694 evidentius
1068 4628 1238 4695 serenitati
1262 4633 1387 4696 vestrae
1411 4649 1484 4697 con·
