<?xml version="1.0" encoding="UTF-8"?>
<!DOCTYPE html PUBLIC "-//W3C//DTD XHTML 1.0 Transitional//EN"
    "http://www.w3.org/TR/xhtml1/DTD/xhtml1-transitional.dtd">
<html xmlns="http://www.w3.org/1999/xhtml" xml:lang="en" lang="en">
 <head>
  <title>
</title>
<meta http-equiv="Content-Type" content="text/html;charset=utf-8" />
  <meta name='ocr-system' content='tesseract 3.04.00' />
  <meta name='ocr-capabilities' content='ocr_page ocr_carea ocr_par ocr_line ocrx_word'/>
</head>
<body>
  <div class='ocr_page' id='page_1' title='image "./oklevltramagyar00frakgoog_0143.png"; bbox 0 0 3454 5492; ppageno 0'>
   <div class='ocr_carea' id='block_1_1' title="bbox 305 457 987 520">
    <p class='ocr_par' dir='ltr' id='par_1_1' title="bbox 305 457 987 520">
     <span class='ocr_line' id='line_1_1' title="bbox 305 457 987 520; baseline -0.003 0"><span class='ocrx_word' id='word_1_1' title='bbox 305 457 367 520; x_wconf 84' lang='lat'>108</span> <span class='ocrx_word' id='word_1_2' title='bbox 799 462 987 518; x_wconf 78' lang='grc'><strong>1111111111</strong></span> 
     </span>
    </p>
   </div>
   <div class='ocr_carea' id='block_1_2' title="bbox 299 647 1485 4698">
    <p class='ocr_par' dir='ltr' id='par_1_2' title="bbox 301 647 1485 2516">
     <span class='ocr_line' id='line_1_2' title="bbox 303 647 1485 734; baseline -0.004 -17"><span class='ocrx_word' id='word_1_3' title='bbox 303 672 451 734; x_wconf 85' lang='grc'><strong>1111111;</strong></span> <span class='ocrx_word' id='word_1_4' title='bbox 475 651 508 715; x_wconf 88' lang='grc'>11</span> <span class='ocrx_word' id='word_1_5' title='bbox 534 651 697 717; x_wconf 88' lang='lat' dir='ltr'>diuersam</span> <span class='ocrx_word' id='word_1_6' title='bbox 714 650 802 715; x_wconf 90' lang='lat' dir='ltr'>haud</span> <span class='ocrx_word' id='word_1_7' title='bbox 827 652 925 716; x_wconf 92' lang='lat' dir='ltr'>dubie</span> <span class='ocrx_word' id='word_1_8' title='bbox 941 673 1052 716; x_wconf 89' lang='lat' dir='ltr'>omnes</span> <span class='ocrx_word' id='word_1_9' title='bbox 1068 650 1284 715; x_wconf 80' lang='lat' dir='ltr'><strong>sacratissime</strong></span> <span class='ocrx_word' id='word_1_10' title='bbox 1304 647 1485 714; x_wconf 89' lang='lat' dir='ltr'>maiestatis</span> 
     </span>
     <span class='ocr_line' id='line_1_3' title="bbox 303 741 1484 824; baseline -0.003 -19"><span class='ocrx_word' id='word_1_11' title='bbox 303 749 408 807; x_wconf 88' lang='lat' dir='ltr'>vestre</span> <span class='ocrx_word' id='word_1_12' title='bbox 424 741 533 808; x_wconf 89' lang='lat' dir='ltr'>fideles</span> <span class='ocrx_word' id='word_1_13' title='bbox 550 741 705 824; x_wconf 90' lang='lat' dir='ltr'>Hungari</span> <span class='ocrx_word' id='word_1_14' title='bbox 723 741 904 824; x_wconf 86' lang='lat' dir='ltr'><strong>opinionem</strong></span> <span class='ocrx_word' id='word_1_15' title='bbox 922 742 1078 821; x_wconf 88' lang='lat' dir='ltr'>venirent,</span> <span class='ocrx_word' id='word_1_16' title='bbox 1105 742 1167 805; x_wconf 90' lang='lat' dir='ltr'>sia</span> <span class='ocrx_word' id='word_1_17' title='bbox 1184 741 1352 805; x_wconf 87' lang='lat' dir='ltr'>maiestate</span> <span class='ocrx_word' id='word_1_18' title='bbox 1377 745 1484 802; x_wconf 91' lang='lat' dir='ltr'>vestra</span> 
     </span>
     <span class='ocr_line' id='line_1_4' title="bbox 302 830 1484 912; baseline -0.005 -14"><span class='ocrx_word' id='word_1_19' title='bbox 302 833 523 898; x_wconf 88' lang='lat' dir='ltr'>sacratissima</span> <span class='ocrx_word' id='word_1_20' title='bbox 539 831 625 895; x_wconf 89' lang='lat' dir='ltr'>hunc</span> <span class='ocrx_word' id='word_1_21' title='bbox 649 832 814 896; x_wconf 90' lang='lat' dir='ltr'>dominum</span> <span class='ocrx_word' id='word_1_22' title='bbox 839 832 1038 896; x_wconf 78' lang='lat' dir='ltr'>cardinalem</span> <span class='ocrx_word' id='word_1_23' title='bbox 1063 837 1177 895; x_wconf 91' lang='lat' dir='ltr'>contra</span> <span class='ocrx_word' id='word_1_24' title='bbox 1201 831 1293 912; x_wconf 88' lang='lat' dir='ltr'>regni</span> <span class='ocrx_word' id='word_1_25' title='bbox 1309 830 1396 912; x_wconf 88' lang='lat' dir='ltr'>leges</span> <span class='ocrx_word' id='word_1_26' title='bbox 1411 851 1484 911; x_wconf 88' lang='lat' dir='ltr'>pro-</span> 
     </span>
     <span class='ocr_line' id='line_1_5' title="bbox 302 919 1484 1004; baseline -0.004 -17"><span class='ocrx_word' id='word_1_27' title='bbox 302 929 425 987; x_wconf 89' lang='lat' dir='ltr'>motum</span> <span class='ocrx_word' id='word_1_28' title='bbox 442 942 510 986; x_wconf 91' lang='lat' dir='ltr'>csse</span> <span class='ocrx_word' id='word_1_29' title='bbox 525 922 682 1002; x_wconf 89' lang='lat' dir='ltr'>viderent,</span> <span class='ocrx_word' id='word_1_30' title='bbox 699 927 736 986; x_wconf 91' lang='lat' dir='ltr'>ut</span> <span class='ocrx_word' id='word_1_31' title='bbox 754 929 919 986; x_wconf 81' lang='lat' dir='ltr'>taceamus</span> <span class='ocrx_word' id='word_1_32' title='bbox 937 922 1052 986; x_wconf 85' lang='lat' dir='ltr'>turbas</span> <span class='ocrx_word' id='word_1_33' title='bbox 1068 927 1101 985; x_wconf 93' lang='lat' dir='ltr'>et</span> <span class='ocrx_word' id='word_1_34' title='bbox 1116 921 1281 999; x_wconf 90' lang='lat' dir='ltr'>clamores,</span> <span class='ocrx_word' id='word_1_35' title='bbox 1305 920 1344 984; x_wconf 88' lang='lat' dir='ltr'>de</span> <span class='ocrx_word' id='word_1_36' title='bbox 1365 919 1484 1004; x_wconf 91' lang='lat' dir='ltr'>quibus</span> 
     </span>
     <span class='ocr_line' id='line_1_6' title="bbox 302 1011 1484 1096; baseline -0.003 -20"><span class='ocrx_word' id='word_1_37' title='bbox 302 1033 367 1076; x_wconf 92' lang='lat' dir='ltr'>non</span> <span class='ocrx_word' id='word_1_38' title='bbox 383 1033 500 1096; x_wconf 89' lang='lat' dir='ltr'>parum</span> <span class='ocrx_word' id='word_1_39' title='bbox 509 1011 687 1077; x_wconf 92' lang='lat' dir='ltr'>verendum</span> <span class='ocrx_word' id='word_1_40' title='bbox 704 1032 770 1076; x_wconf 89' lang='lat' dir='ltr'>esse</span> <span class='ocrx_word' id='word_1_41' title='bbox 781 1012 936 1092; x_wconf 90' lang='lat' dir='ltr'>videmus,</span> <span class='ocrx_word' id='word_1_42' title='bbox 946 1013 973 1076; x_wconf 93' lang='lat' dir='ltr'>si</span> <span class='ocrx_word' id='word_1_43' title='bbox 990 1033 1056 1094; x_wconf 90' lang='lat' dir='ltr'>qua</span> <span class='ocrx_word' id='word_1_44' title='bbox 1072 1011 1186 1075; x_wconf 87' lang='lat' dir='ltr'>futura</span> <span class='ocrx_word' id='word_1_45' title='bbox 1202 1012 1245 1075; x_wconf 88' lang='lat' dir='ltr'>sit</span> <span class='ocrx_word' id='word_1_46' title='bbox 1262 1011 1368 1074; x_wconf 90' lang='lat' dir='ltr'>dieta:</span> <span class='ocrx_word' id='word_1_47' title='bbox 1386 1031 1484 1092; x_wconf 91' lang='lat' dir='ltr'>quam</span> 
     </span>
     <span class='ocr_line' id='line_1_7' title="bbox 302 1099 1484 1180; baseline -0.003 -14"><span class='ocrx_word' id='word_1_48' title='bbox 302 1124 376 1166; x_wconf 94' lang='lat' dir='ltr'>cum</span> <span class='ocrx_word' id='word_1_49' title='bbox 399 1103 552 1167; x_wconf 90' lang='lat' dir='ltr'>maiestas</span> <span class='ocrx_word' id='word_1_50' title='bbox 575 1108 682 1166; x_wconf 88' lang='lat' dir='ltr'>vestra</span> <span class='ocrx_word' id='word_1_51' title='bbox 706 1101 925 1167; x_wconf 90' lang='lat' dir='ltr'>sacratissima</span> <span class='ocrx_word' id='word_1_52' title='bbox 949 1125 969 1167; x_wconf 90' lang='lat' dir='ltr'>a</span> <span class='ocrx_word' id='word_1_53' title='bbox 991 1101 1078 1166; x_wconf 88' lang='lat' dir='ltr'>felici</span> <span class='ocrx_word' id='word_1_54' title='bbox 1110 1122 1169 1165; x_wconf 91' lang='lat' dir='ltr'>sua</span> <span class='ocrx_word' id='word_1_55' title='bbox 1202 1099 1418 1180; x_wconf 79' lang='lat' dir='ltr'>coronatione,</span> <span class='ocrx_word' id='word_1_56' title='bbox 1452 1105 1484 1162; x_wconf 90' lang='grc'>11</span> 
     </span>
     <span class='ocr_line' id='line_1_8' title="bbox 302 1188 1484 1276; baseline -0.003 -20"><span class='ocrx_word' id='word_1_57' title='bbox 302 1198 406 1256; x_wconf 89' lang='lat' dir='ltr'>morte</span> <span class='ocrx_word' id='word_1_58' title='bbox 429 1192 624 1256; x_wconf 82' lang='lat' dir='ltr'>serenissimi</span> <span class='ocrx_word' id='word_1_59' title='bbox 648 1191 700 1276; x_wconf 88' lang='lat' dir='ltr'>pic</span> <span class='ocrx_word' id='word_1_60' title='bbox 723 1192 876 1256; x_wconf 89' lang='lat' dir='ltr'>memorie</span> <span class='ocrx_word' id='word_1_61' title='bbox 900 1190 1064 1275; x_wconf 88' lang='lat' dir='ltr'>quondam</span> <span class='ocrx_word' id='word_1_62' title='bbox 1089 1191 1211 1255; x_wconf 89' lang='lat' dir='ltr'>domini</span> <span class='ocrx_word' id='word_1_63' title='bbox 1235 1189 1391 1273; x_wconf 84' lang='lat' dir='ltr'>genitoris</span> <span class='ocrx_word' id='word_1_64' title='bbox 1425 1188 1484 1268; x_wconf 89' lang='lat' dir='ltr'>sui,</span> 
     </span>
     <span class='ocr_line' id='line_1_9' title="bbox 302 1279 1484 1362; baseline -0.003 -16"><span class='ocrx_word' id='word_1_65' title='bbox 302 1282 424 1346; x_wconf 89' lang='lat' dir='ltr'>domini</span> <span class='ocrx_word' id='word_1_66' title='bbox 458 1282 561 1346; x_wconf 90' lang='lat' dir='ltr'>nostri</span> <span class='ocrx_word' id='word_1_67' title='bbox 593 1282 843 1362; x_wconf 89' lang='lat' dir='ltr'>clementissimi,</span> <span class='ocrx_word' id='word_1_68' title='bbox 867 1281 992 1346; x_wconf 88' lang='grc'><strong>11111111</strong></span> <span class='ocrx_word' id='word_1_69' title='bbox 1015 1281 1123 1346; x_wconf 92' lang='lat' dir='ltr'>adhuc</span> <span class='ocrx_word' id='word_1_70' title='bbox 1147 1280 1331 1359; x_wconf 89' lang='lat' dir='ltr'>celebrarit,</span> <span class='ocrx_word' id='word_1_71' title='bbox 1364 1281 1397 1343; x_wconf 92' lang='lat' dir='ltr'>in</span> <span class='ocrx_word' id='word_1_72' title='bbox 1423 1279 1484 1344; x_wconf 86' lang='lat' dir='ltr'>hac</span> 
     </span>
     <span class='ocr_line' id='line_1_10' title="bbox 302 1370 1484 1455; baseline -0.003 -19"><span class='ocrx_word' id='word_1_73' title='bbox 302 1392 375 1454; x_wconf 86' lang='lat' dir='ltr'>que¹</span> <span class='ocrx_word' id='word_1_74' title='bbox 388 1373 493 1455; x_wconf 91' lang='lat' dir='ltr'>prima</span> <span class='ocrx_word' id='word_1_75' title='bbox 521 1373 636 1437; x_wconf 86' lang='lat' dir='ltr'>futura</span> <span class='ocrx_word' id='word_1_76' title='bbox 660 1379 717 1450; x_wconf 88' lang='lat' dir='ltr'>cst,</span> <span class='ocrx_word' id='word_1_77' title='bbox 741 1373 942 1438; x_wconf 87' lang='lat' dir='ltr'>exulceratos</span> <span class='ocrx_word' id='word_1_78' title='bbox 966 1371 1204 1454; x_wconf 84' lang='lat' dir='ltr'>regnicolarum</span> <span class='ocrx_word' id='word_1_79' title='bbox 1227 1371 1350 1435; x_wconf 88' lang='lat' dir='ltr'>animos</span> <span class='ocrx_word' id='word_1_80' title='bbox 1373 1370 1484 1453; x_wconf 88' lang='lat' dir='ltr'>pocius</span> 
     </span>
     <span class='ocr_line' id='line_1_11' title="bbox 301 1459 1483 1545; baseline -0.002 -20"><span class='ocrx_word' id='word_1_81' title='bbox 301 1461 476 1530; x_wconf 84' lang='lat' dir='ltr'>leniendos.</span> <span class='ocrx_word' id='word_1_82' title='bbox 503 1484 602 1545; x_wconf 89' lang='lat' dir='ltr'>quam</span> <span class='ocrx_word' id='word_1_83' title='bbox 625 1462 801 1527; x_wconf 89' lang='lat' dir='ltr'>irritandos</span> <span class='ocrx_word' id='word_1_84' title='bbox 826 1482 1035 1526; x_wconf 84' lang='lat' dir='ltr'>censeremus.</span> <span class='ocrx_word' id='word_1_85' title='bbox 1052 1461 1139 1525; x_wconf 88' lang='lat' dir='ltr'>Nam</span> <span class='ocrx_word' id='word_1_86' title='bbox 1163 1481 1357 1544; x_wconf 89' lang='lat' dir='ltr'>quocunque</span> <span class='ocrx_word' id='word_1_87' title='bbox 1381 1459 1483 1537; x_wconf 90' lang='lat' dir='ltr'>modo,</span> 
     </span>
     <span class='ocr_line' id='line_1_12' title="bbox 301 1548 1484 1635; baseline -0.002 -21"><span class='ocrx_word' id='word_1_88' title='bbox 301 1552 349 1615; x_wconf 93' lang='grc'>111</span> <span class='ocrx_word' id='word_1_89' title='bbox 377 1553 514 1633; x_wconf 91' lang='lat' dir='ltr'>nomine,</span> <span class='ocrx_word' id='word_1_90' title='bbox 534 1552 682 1617; x_wconf 90' lang='lat' dir='ltr'>dominus</span> <span class='ocrx_word' id='word_1_91' title='bbox 707 1553 774 1635; x_wconf 90' lang='lat' dir='ltr'>ipse</span> <span class='ocrx_word' id='word_1_92' title='bbox 798 1552 974 1616; x_wconf 89' lang='lat' dir='ltr'>cardinalis</span> <span class='ocrx_word' id='word_1_93' title='bbox 997 1551 1228 1635; x_wconf 89' lang='lat' dir='ltr'>possessionem</span> <span class='ocrx_word' id='word_1_94' title='bbox 1252 1548 1340 1616; x_wconf 89' lang='lat' dir='ltr'>illius</span> <span class='ocrx_word' id='word_1_95' title='bbox 1364 1550 1484 1632; x_wconf 90' lang='lat' dir='ltr'>episco-</span> 
     </span>
     <span class='ocr_line' id='line_1_13' title="bbox 301 1639 1485 1723; baseline -0.003 -17"><span class='ocrx_word' id='word_1_96' title='bbox 301 1647 408 1723; x_wconf 86' lang='lat' dir='ltr'>patus,</span> <span class='ocrx_word' id='word_1_97' title='bbox 449 1643 644 1707; x_wconf 88' lang='lat' dir='ltr'>conoedente</span> <span class='ocrx_word' id='word_1_98' title='bbox 678 1662 771 1706; x_wconf 89' lang='lat' dir='ltr'>sacra</span> <span class='ocrx_word' id='word_1_99' title='bbox 801 1643 973 1706; x_wconf 90' lang='lat' dir='ltr'>maiestate</span> <span class='ocrx_word' id='word_1_100' title='bbox 1005 1648 1113 1706; x_wconf 88' lang='lat' dir='ltr'>vestra</span> <span class='ocrx_word' id='word_1_101' title='bbox 1146 1639 1294 1723; x_wconf 89' lang='lat' dir='ltr'>arripiat,</span> <span class='ocrx_word' id='word_1_102' title='bbox 1333 1640 1402 1705; x_wconf 91' lang='lat' dir='ltr'>sine</span> <span class='ocrx_word' id='word_1_103' title='bbox 1439 1639 1485 1702; x_wconf 91' lang='lat' dir='ltr'>le-</span> 
     </span>
     <span class='ocr_line' id='line_1_14' title="bbox 302 1731 1485 1815; baseline -0.003 -19"><span class='ocrx_word' id='word_1_104' title='bbox 302 1731 391 1796; x_wconf 90' lang='lat' dir='ltr'>sione</span> <span class='ocrx_word' id='word_1_105' title='bbox 423 1733 546 1795; x_wconf 91' lang='lat' dir='ltr'>iurium</span> <span class='ocrx_word' id='word_1_106' title='bbox 576 1739 609 1796; x_wconf 92' lang='lat' dir='ltr'>et</span> <span class='ocrx_word' id='word_1_107' title='bbox 634 1733 742 1815; x_wconf 88' lang='lat' dir='ltr'>legum</span> <span class='ocrx_word' id='word_1_108' title='bbox 767 1732 859 1814; x_wconf 88' lang='lat' dir='ltr'>regni</span> <span class='ocrx_word' id='word_1_109' title='bbox 882 1731 952 1796; x_wconf 87' lang='lat' dir='ltr'>fieri</span> <span class='ocrx_word' id='word_1_110' title='bbox 976 1731 1009 1795; x_wconf 94' lang='lat' dir='ltr'>id</span> <span class='ocrx_word' id='word_1_111' title='bbox 1034 1753 1097 1795; x_wconf 91' lang='lat' dir='ltr'>non</span> <span class='ocrx_word' id='word_1_112' title='bbox 1121 1733 1259 1813; x_wconf 88' lang='lat' dir='ltr'>poterit:</span> <span class='ocrx_word' id='word_1_113' title='bbox 1291 1752 1395 1813; x_wconf 92' lang='lat' dir='ltr'>neque</span> <span class='ocrx_word' id='word_1_114' title='bbox 1418 1751 1485 1793; x_wconf 87' lang='lat' dir='ltr'>me·</span> 
     </span>
     <span class='ocr_line' id='line_1_15' title="bbox 302 1819 1485 1904; baseline -0.002 -20"><span class='ocrx_word' id='word_1_115' title='bbox 302 1821 393 1885; x_wconf 91' lang='lat' dir='ltr'>dium</span> <span class='ocrx_word' id='word_1_116' title='bbox 416 1821 498 1886; x_wconf 92' lang='lat' dir='ltr'>illud</span> <span class='ocrx_word' id='word_1_117' title='bbox 545 1843 579 1886; x_wconf 90' lang='grc'>11</span> <span class='ocrx_word' id='word_1_118' title='bbox 602 1822 836 1904; x_wconf 84' lang='lat' dir='ltr'>obligationem</span> <span class='ocrx_word' id='word_1_119' title='bbox 859 1822 900 1887; x_wconf 89' lang='lat' dir='ltr'>ab</span> <span class='ocrx_word' id='word_1_120' title='bbox 934 1822 990 1887; x_wconf 91' lang='lat' dir='ltr'>illo</span> <span class='ocrx_word' id='word_1_121' title='bbox 1023 1821 1164 1885; x_wconf 87' lang='lat' dir='ltr'>dandam</span> <span class='ocrx_word' id='word_1_122' title='bbox 1197 1822 1361 1904; x_wconf 88' lang='lat' dir='ltr'>quesitum</span> <span class='ocrx_word' id='word_1_123' title='bbox 1394 1819 1485 1902; x_wconf 92' lang='lat' dir='ltr'>quic-</span> 
     </span>
     <span class='ocr_line' id='line_1_16' title="bbox 302 1845 1483 1994; baseline -0.001 -19"><span class='ocrx_word' id='word_1_124' title='bbox 302 1934 402 1994; x_wconf 92' lang='lat' dir='ltr'>quam</span> <span class='ocrx_word' id='word_1_125' title='bbox 425 1845 561 1976; x_wconf 77' lang='lat' dir='ltr'>remedii</span> <span class='ocrx_word' id='word_1_126' title='bbox 584 1913 618 1976; x_wconf 93' lang='lat' dir='ltr'>in</span> <span class='ocrx_word' id='word_1_127' title='bbox 643 1913 702 1978; x_wconf 93' lang='lat' dir='ltr'>hoc</span> <span class='ocrx_word' id='word_1_128' title='bbox 726 1910 843 1976; x_wconf 85' lang='lat' dir='ltr'>afferre</span> <span class='ocrx_word' id='word_1_129' title='bbox 866 1933 957 1994; x_wconf 89' lang='lat' dir='ltr'>posse</span> <span class='ocrx_word' id='word_1_130' title='bbox 980 1911 1120 1992; x_wconf 91' lang='lat' dir='ltr'>videtur,</span> <span class='ocrx_word' id='word_1_131' title='bbox 1136 1932 1237 1993; x_wconf 91' lang='lat' dir='ltr'>quum</span> <span class='ocrx_word' id='word_1_132' title='bbox 1254 1911 1483 1976; x_wconf 90' lang='lat' dir='ltr'>nichilominus</span> 
     </span>
     <span class='ocr_line' id='line_1_17' title="bbox 301 2000 1483 2084; baseline -0.003 -18"><span class='ocrx_word' id='word_1_133' title='bbox 301 2001 532 2083; x_wconf 87' lang='lat' dir='ltr'>possessionem</span> <span class='ocrx_word' id='word_1_134' title='bbox 570 2008 654 2067; x_wconf 90' lang='grc'><strong>11111</strong></span> <span class='ocrx_word' id='word_1_135' title='bbox 692 2001 876 2067; x_wconf 90' lang='grc'><strong>111111111.</strong></span> <span class='ocrx_word' id='word_1_136' title='bbox 916 2001 967 2066; x_wconf 86' lang='lat' dir='ltr'>Da</span> <span class='ocrx_word' id='word_1_137' title='bbox 1006 2023 1071 2084; x_wconf 92' lang='lat' dir='ltr'>qua</span> <span class='ocrx_word' id='word_1_138' title='bbox 1107 2000 1238 2084; x_wconf 88' lang='lat' dir='ltr'>quidem</span> <span class='ocrx_word' id='word_1_139' title='bbox 1276 2000 1483 2084; x_wconf 88' lang='lat' dir='ltr'>obligatione,</span> 
     </span>
     <span class='ocr_line' id='line_1_18' title="bbox 301 2089 1482 2175; baseline -0.003 -20"><span class='ocrx_word' id='word_1_140' title='bbox 301 2097 461 2173; x_wconf 89' lang='lat' dir='ltr'>quantum</span> <span class='ocrx_word' id='word_1_141' title='bbox 485 2092 636 2157; x_wconf 89' lang='lat' dir='ltr'>videlicet</span> <span class='ocrx_word' id='word_1_142' title='bbox 660 2092 767 2156; x_wconf 91' lang='lat' dir='ltr'>valere</span> <span class='ocrx_word' id='word_1_143' title='bbox 798 2093 908 2175; x_wconf 89' lang='lat' dir='ltr'>possit,</span> <span class='ocrx_word' id='word_1_144' title='bbox 933 2093 1038 2156; x_wconf 92' lang='lat' dir='ltr'>multa</span> <span class='ocrx_word' id='word_1_145' title='bbox 1063 2092 1256 2158; x_wconf 87' lang='lat' dir='ltr'>haberemus</span> <span class='ocrx_word' id='word_1_146' title='bbox 1280 2091 1425 2158; x_wconf 89' lang='lat' dir='ltr'>dicenda.</span> <span class='ocrx_word' id='word_1_147' title='bbox 1441 2089 1482 2152; x_wconf 90' lang='lat' dir='ltr'>ad</span> 
     </span>
     <span class='ocr_line' id='line_1_19' title="bbox 301 2180 1483 2265; baseline -0.003 -20"><span class='ocrx_word' id='word_1_148' title='bbox 301 2203 411 2247; x_wconf 86' lang='lat' dir='ltr'>omnes</span> <span class='ocrx_word' id='word_1_149' title='bbox 430 2182 518 2247; x_wconf 90' lang='lat' dir='ltr'>illius</span> <span class='ocrx_word' id='word_1_150' title='bbox 534 2204 598 2246; x_wconf 91' lang='lat' dir='ltr'>non</span> <span class='ocrx_word' id='word_1_151' title='bbox 623 2183 726 2247; x_wconf 91' lang='lat' dir='ltr'>solum</span> <span class='ocrx_word' id='word_1_152' title='bbox 750 2182 915 2264; x_wconf 74' lang='lat' dir='ltr'>articulos</span> <span class='ocrx_word' id='word_1_153' title='bbox 939 2182 995 2247; x_wconf 91' lang='lat' dir='ltr'>sed</span> <span class='ocrx_word' id='word_1_154' title='bbox 1019 2182 1149 2263; x_wconf 91' lang='lat' dir='ltr'>singula</span> <span class='ocrx_word' id='word_1_155' title='bbox 1172 2183 1266 2265; x_wconf 90' lang='lat' dir='ltr'>quasi</span> <span class='ocrx_word' id='word_1_156' title='bbox 1289 2181 1396 2262; x_wconf 79' lang='lat' dir='ltr'>verba,</span> <span class='ocrx_word' id='word_1_157' title='bbox 1421 2180 1483 2244; x_wconf 90' lang='lat' dir='ltr'>nisi</span> 
     </span>
     <span class='ocr_line' id='line_1_20' title="bbox 301 2270 1483 2355; baseline -0.003 -19"><span class='ocrx_word' id='word_1_158' title='bbox 301 2293 374 2354; x_wconf 90' lang='lat' dir='ltr'>spes</span> <span class='ocrx_word' id='word_1_159' title='bbox 397 2272 490 2336; x_wconf 92' lang='lat' dir='ltr'>nobis</span> <span class='ocrx_word' id='word_1_160' title='bbox 514 2279 597 2337; x_wconf 90' lang='lat' dir='ltr'>esset</span> <span class='ocrx_word' id='word_1_161' title='bbox 622 2275 655 2337; x_wconf 90' lang='lat' dir='ltr'>in</span> <span class='ocrx_word' id='word_1_162' title='bbox 680 2293 773 2337; x_wconf 90' lang='lat' dir='ltr'>sacra</span> <span class='ocrx_word' id='word_1_163' title='bbox 794 2273 965 2337; x_wconf 91' lang='lat' dir='ltr'>maiestate</span> <span class='ocrx_word' id='word_1_164' title='bbox 988 2278 1096 2337; x_wconf 91' lang='lat' dir='ltr'>vestra</span> <span class='ocrx_word' id='word_1_165' title='bbox 1120 2271 1178 2335; x_wconf 91' lang='lat' dir='ltr'>illa</span> <span class='ocrx_word' id='word_1_166' title='bbox 1202 2294 1266 2336; x_wconf 92' lang='lat' dir='ltr'>non</span> <span class='ocrx_word' id='word_1_167' title='bbox 1290 2293 1370 2355; x_wconf 92' lang='lat' dir='ltr'>opus</span> <span class='ocrx_word' id='word_1_168' title='bbox 1394 2270 1483 2334; x_wconf 87' lang='lat' dir='ltr'>futu-</span> 
     </span>
     <span class='ocr_line' id='line_1_21' title="bbox 301 2360 1484 2446; baseline 0.001 -21"><span class='ocrx_word' id='word_1_169' title='bbox 301 2383 382 2425; x_wconf 92' lang='lat' dir='ltr'>rum.</span> <span class='ocrx_word' id='word_1_170' title='bbox 417 2361 506 2426; x_wconf 78' lang='lat' dir='ltr'>Talis</span> <span class='ocrx_word' id='word_1_171' title='bbox 530 2363 616 2427; x_wconf 89' lang='lat' dir='ltr'>enim</span> <span class='ocrx_word' id='word_1_172' title='bbox 641 2369 697 2443; x_wconf 88' lang='lat' dir='ltr'>est,</span> <span class='ocrx_word' id='word_1_173' title='bbox 722 2369 760 2426; x_wconf 92' lang='lat' dir='ltr'>ut</span> <span class='ocrx_word' id='word_1_174' title='bbox 785 2363 1032 2446; x_wconf 89' lang='lat' dir='ltr'>quibuscunque</span> <span class='ocrx_word' id='word_1_175' title='bbox 1062 2361 1220 2426; x_wconf 77' lang='lat' dir='ltr'>formetur</span> <span class='ocrx_word' id='word_1_176' title='bbox 1244 2362 1359 2443; x_wconf 91' lang='lat' dir='ltr'>verbis,</span> <span class='ocrx_word' id='word_1_177' title='bbox 1392 2360 1484 2426; x_wconf 89' lang='lat' dir='ltr'>nulla</span> 
     </span>
     <span class='ocr_line' id='line_1_22' title="bbox 303 2450 494 2516; baseline 0.005 -2"><span class='ocrx_word' id='word_1_178' title='bbox 303 2450 416 2515; x_wconf 88' lang='lat' dir='ltr'>futura</span> <span class='ocrx_word' id='word_1_179' title='bbox 442 2452 494 2516; x_wconf 92' lang='lat' dir='ltr'>sit.</span> 
     </span>
    </p>

    <p class='ocr_par' dir='ltr' id='par_1_3' title="bbox 299 2541 1484 4698">
     <span class='ocr_line' id='line_1_23' title="bbox 409 2541 1483 2624; baseline -0.002 -20"><span class='ocrx_word' id='word_1_180' title='bbox 409 2541 490 2621; x_wconf 83' lang='lat' dir='ltr'>Hac,</span> <span class='ocrx_word' id='word_1_181' title='bbox 515 2548 553 2604; x_wconf 92' lang='lat' dir='ltr'>ut</span> <span class='ocrx_word' id='word_1_182' title='bbox 577 2541 702 2607; x_wconf 91' lang='lat' dir='ltr'>omissis</span> <span class='ocrx_word' id='word_1_183' title='bbox 725 2543 799 2606; x_wconf 89' lang='lat' dir='ltr'>aliis</span> <span class='ocrx_word' id='word_1_184' title='bbox 822 2565 885 2607; x_wconf 91' lang='lat' dir='ltr'>non</span> <span class='ocrx_word' id='word_1_185' title='bbox 910 2543 1031 2624; x_wconf 85' lang='lat' dir='ltr'>paucis,</span> <span class='ocrx_word' id='word_1_186' title='bbox 1054 2563 1117 2623; x_wconf 92' lang='lat' dir='ltr'>quc</span> <span class='ocrx_word' id='word_1_187' title='bbox 1140 2542 1286 2624; x_wconf 84' lang='lat' dir='ltr'>proferre</span> <span class='ocrx_word' id='word_1_188' title='bbox 1311 2561 1483 2623; x_wconf 89' lang='lat' dir='ltr'>possemus,</span> 
     </span>
     <span class='ocr_line' id='line_1_24' title="bbox 301 2631 1484 2715; baseline -0.001 -20"><span class='ocrx_word' id='word_1_189' title='bbox 301 2632 431 2713; x_wconf 88' lang='lat' dir='ltr'>pociora</span> <span class='ocrx_word' id='word_1_190' title='bbox 445 2637 575 2695; x_wconf 91' lang='lat' dir='ltr'>tantum</span> <span class='ocrx_word' id='word_1_191' title='bbox 589 2633 800 2714; x_wconf 89' lang='lat' dir='ltr'>attingamus,</span> <span class='ocrx_word' id='word_1_192' title='bbox 810 2654 868 2715; x_wconf 93' lang='lat' dir='ltr'>pro</span> <span class='ocrx_word' id='word_1_193' title='bbox 885 2632 995 2697; x_wconf 91' lang='lat' dir='ltr'>debito</span> <span class='ocrx_word' id='word_1_194' title='bbox 1012 2631 1181 2696; x_wconf 88' lang='lat' dir='ltr'>fidelitatis</span> <span class='ocrx_word' id='word_1_195' title='bbox 1198 2637 1308 2695; x_wconf 86' lang='lat' dir='ltr'>nostro</span> <span class='ocrx_word' id='word_1_196' title='bbox 1320 2631 1484 2694; x_wconf 89' lang='lat' dir='ltr'>intermit-</span> 
     </span>
     <span class='ocr_line' id='line_1_25' title="bbox 302 2720 1483 2805; baseline 0 -21"><span class='ocrx_word' id='word_1_197' title='bbox 302 2727 371 2785; x_wconf 87' lang='lat' dir='ltr'>tere</span> <span class='ocrx_word' id='word_1_198' title='bbox 388 2742 452 2785; x_wconf 90' lang='lat' dir='ltr'>non</span> <span class='ocrx_word' id='word_1_199' title='bbox 467 2742 645 2803; x_wconf 91' lang='lat' dir='ltr'>possumus,</span> <span class='ocrx_word' id='word_1_200' title='bbox 666 2723 745 2805; x_wconf 91' lang='lat' dir='ltr'>quin</span> <span class='ocrx_word' id='word_1_201' title='bbox 762 2724 810 2787; x_wconf 90' lang='lat' dir='ltr'>ita</span> <span class='ocrx_word' id='word_1_202' title='bbox 829 2721 994 2787; x_wconf 88' lang='lat' dir='ltr'>maiestati</span> <span class='ocrx_word' id='word_1_203' title='bbox 1010 2728 1116 2786; x_wconf 86' lang='lat' dir='ltr'>vestre</span> <span class='ocrx_word' id='word_1_204' title='bbox 1138 2722 1355 2787; x_wconf 87' lang='lat' dir='ltr'>sacratissime</span> <span class='ocrx_word' id='word_1_205' title='bbox 1377 2720 1483 2784; x_wconf 89' lang='lat' dir='ltr'>decla-</span> 
     </span>
     <span class='ocr_line' id='line_1_26' title="bbox 301 2811 1482 2894; baseline 0.001 -21"><span class='ocrx_word' id='word_1_206' title='bbox 301 2832 426 2894; x_wconf 89' lang='lat' dir='ltr'>remus;</span> <span class='ocrx_word' id='word_1_207' title='bbox 453 2811 506 2875; x_wconf 90' lang='lat' dir='ltr'>cui</span> <span class='ocrx_word' id='word_1_208' title='bbox 522 2832 586 2875; x_wconf 91' lang='lat' dir='ltr'>non</span> <span class='ocrx_word' id='word_1_209' title='bbox 602 2813 705 2877; x_wconf 91' lang='lat' dir='ltr'>solum</span> <span class='ocrx_word' id='word_1_210' title='bbox 721 2819 839 2893; x_wconf 85' lang='lat' dir='ltr'>nostre,</span> <span class='ocrx_word' id='word_1_211' title='bbox 860 2834 974 2877; x_wconf 85' lang='lat' dir='ltr'>verum</span> <span class='ocrx_word' id='word_1_212' title='bbox 997 2812 1139 2877; x_wconf 90' lang='lat' dir='ltr'>omnium</span> <span class='ocrx_word' id='word_1_213' title='bbox 1159 2812 1359 2894; x_wconf 88' lang='lat' dir='ltr'>reliquorum</span> <span class='ocrx_word' id='word_1_214' title='bbox 1383 2811 1482 2875; x_wconf 89' lang='lat' dir='ltr'>etiam</span> 
     </span>
     <span class='ocr_line' id='line_1_27' title="bbox 301 2901 1483 2985; baseline -0.001 -21"><span class='ocrx_word' id='word_1_215' title='bbox 301 2922 433 2964; x_wconf 91' lang='lat' dir='ltr'>suorum</span> <span class='ocrx_word' id='word_1_216' title='bbox 452 2901 711 2966; x_wconf 90' lang='lat' dir='ltr'>consiliariorum</span> <span class='ocrx_word' id='word_1_217' title='bbox 728 2902 964 2985; x_wconf 90' lang='lat' dir='ltr'>Hungarorum</span> <span class='ocrx_word' id='word_1_218' title='bbox 981 2903 1119 2982; x_wconf 90' lang='lat' dir='ltr'>nomine,</span> <span class='ocrx_word' id='word_1_219' title='bbox 1135 2923 1274 2985; x_wconf 92' lang='lat' dir='ltr'>quorum</span> <span class='ocrx_word' id='word_1_220' title='bbox 1291 2904 1431 2965; x_wconf 89' lang='lat' dir='ltr'>mentem</span> <span class='ocrx_word' id='word_1_221' title='bbox 1450 2907 1483 2963; x_wconf 90' lang='grc'>11</span> 
     </span>
     <span class='ocr_line' id='line_1_28' title="bbox 301 2991 1482 3076; baseline -0.003 -21"><span class='ocrx_word' id='word_1_222' title='bbox 301 2993 497 3055; x_wconf 89' lang='lat' dir='ltr'>sententiam</span> <span class='ocrx_word' id='word_1_223' title='bbox 522 2991 586 3056; x_wconf 89' lang='lat' dir='ltr'>ista</span> <span class='ocrx_word' id='word_1_224' title='bbox 609 2993 642 3055; x_wconf 91' lang='lat' dir='ltr'>in</span> <span class='ocrx_word' id='word_1_225' title='bbox 666 3013 701 3055; x_wconf 93' lang='grc'>11</span> <span class='ocrx_word' id='word_1_226' title='bbox 726 2993 790 3057; x_wconf 92' lang='lat' dir='ltr'>iam</span> <span class='ocrx_word' id='word_1_227' title='bbox 819 2995 852 3056; x_wconf 95' lang='lat' dir='ltr'>in</span> <span class='ocrx_word' id='word_1_228' title='bbox 884 2998 979 3076; x_wconf 93' lang='lat' dir='ltr'>parte</span> <span class='ocrx_word' id='word_1_229' title='bbox 1012 2992 1176 3076; x_wconf 83' lang='lat' dir='ltr'>cognitam</span> <span class='ocrx_word' id='word_1_230' title='bbox 1210 2991 1375 3070; x_wconf 91' lang='lat' dir='ltr'>habemus,</span> <span class='ocrx_word' id='word_1_231' title='bbox 1409 3011 1482 3053; x_wconf 91' lang='lat' dir='ltr'>oum</span> 
     </span>
     <span class='ocr_line' id='line_1_29' title="bbox 301 3080 1482 3164; baseline 0 -20"><span class='ocrx_word' id='word_1_232' title='bbox 301 3080 388 3144; x_wconf 93' lang='lat' dir='ltr'>omni</span> <span class='ocrx_word' id='word_1_233' title='bbox 422 3081 609 3146; x_wconf 89' lang='lat' dir='ltr'>humilitate</span> <span class='ocrx_word' id='word_1_234' title='bbox 632 3089 665 3146; x_wconf 89' lang='lat' dir='ltr'>et</span> <span class='ocrx_word' id='word_1_235' title='bbox 689 3104 814 3147; x_wconf 89' lang='lat' dir='ltr'>summa</span> <span class='ocrx_word' id='word_1_236' title='bbox 841 3104 914 3146; x_wconf 91' lang='lat' dir='ltr'>cum</span> <span class='ocrx_word' id='word_1_237' title='bbox 947 3083 1107 3147; x_wconf 89' lang='lat' dir='ltr'>instantia</span> <span class='ocrx_word' id='word_1_238' title='bbox 1131 3081 1367 3164; x_wconf 75' lang='lat' dir='ltr'>supplicamus</span> <span class='ocrx_word' id='word_1_239' title='bbox 1399 3080 1482 3144; x_wconf 89' lang='lat' dir='ltr'>nolit</span> 
     </span>
     <span class='ocr_line' id='line_1_30' title="bbox 299 3170 1482 3256; baseline 0 -23"><span class='ocrx_word' id='word_1_240' title='bbox 299 3171 333 3233; x_wconf 90' lang='lat' dir='ltr'>in</span> <span class='ocrx_word' id='word_1_241' title='bbox 358 3170 417 3234; x_wconf 91' lang='lat' dir='ltr'>hoc</span> <span class='ocrx_word' id='word_1_242' title='bbox 441 3171 564 3236; x_wconf 84' lang='lat' dir='ltr'>foeliois</span> <span class='ocrx_word' id='word_1_243' title='bbox 588 3173 639 3236; x_wconf 88' lang='lat' dir='ltr'>sui</span> <span class='ocrx_word' id='word_1_244' title='bbox 663 3173 830 3254; x_wconf 88' lang='lat' dir='ltr'>regiminis</span> <span class='ocrx_word' id='word_1_245' title='bbox 854 3173 947 3256; x_wconf 92' lang='lat' dir='ltr'>quasi</span> <span class='ocrx_word' id='word_1_246' title='bbox 970 3173 1068 3236; x_wconf 88' lang='lat' dir='ltr'>inicio</span> <span class='ocrx_word' id='word_1_247' title='bbox 1093 3193 1211 3236; x_wconf 91' lang='lat' dir='ltr'>novum</span> <span class='ocrx_word' id='word_1_248' title='bbox 1231 3171 1320 3235; x_wconf 90' lang='lat' dir='ltr'>istud</span> <span class='ocrx_word' id='word_1_249' title='bbox 1337 3175 1482 3235; x_wconf 91' lang='lat' dir='ltr'>statuere</span> 
     </span>
     <span class='ocr_line' id='line_1_31' title="bbox 301 3260 1482 3344; baseline -0.001 -21"><span class='ocrx_word' id='word_1_250' title='bbox 301 3260 492 3343; x_wconf 87' lang='lat' dir='ltr'>exemplum,</span> <span class='ocrx_word' id='word_1_251' title='bbox 525 3283 589 3344; x_wconf 92' lang='lat' dir='ltr'>quo</span> <span class='ocrx_word' id='word_1_252' title='bbox 613 3263 769 3344; x_wconf 89' lang='lat' dir='ltr'>dignitati</span> <span class='ocrx_word' id='word_1_253' title='bbox 794 3268 827 3326; x_wconf 92' lang='grc'>11</span> <span class='ocrx_word' id='word_1_254' title='bbox 850 3263 1057 3342; x_wconf 87' lang='grc'><strong>11111111111,</strong></span> <span class='ocrx_word' id='word_1_255' title='bbox 1087 3262 1318 3344; x_wconf 90' lang='lat' dir='ltr'>commodoque</span> <span class='ocrx_word' id='word_1_256' title='bbox 1341 3267 1374 3325; x_wconf 93' lang='grc'>11</span> <span class='ocrx_word' id='word_1_257' title='bbox 1398 3260 1482 3324; x_wconf 87' lang='grc'><strong>1111</strong></span> 
     </span>
     <span class='ocr_line' id='line_1_32' title="bbox 300 3351 1482 3435; baseline -0.001 -21"><span class='ocrx_word' id='word_1_258' title='bbox 300 3372 364 3415; x_wconf 89' lang='grc'>111</span> <span class='ocrx_word' id='word_1_259' title='bbox 398 3351 501 3415; x_wconf 90' lang='lat' dir='ltr'>solum</span> <span class='ocrx_word' id='word_1_260' title='bbox 534 3374 599 3432; x_wconf 93' lang='lat' dir='ltr'>suo,</span> <span class='ocrx_word' id='word_1_261' title='bbox 632 3373 744 3416; x_wconf 89' lang='lat' dir='ltr'>verum</span> <span class='ocrx_word' id='word_1_262' title='bbox 778 3353 877 3417; x_wconf 89' lang='lat' dir='ltr'>etiam</span> <span class='ocrx_word' id='word_1_263' title='bbox 909 3373 983 3419; x_wconf 88' lang='lat' dir='ltr'>cum</span> <span class='ocrx_word' id='word_1_264' title='bbox 1022 3360 1166 3435; x_wconf 90' lang='lat' dir='ltr'>tempore</span> <span class='ocrx_word' id='word_1_265' title='bbox 1204 3351 1482 3416; x_wconf 88' lang='lat' dir='ltr'>serenissimorum</span> 
     </span>
     <span class='ocr_line' id='line_1_33' title="bbox 300 3435 1480 3525; baseline 0 -21"><span class='ocrx_word' id='word_1_266' title='bbox 300 3441 477 3505; x_wconf 90' lang='lat' dir='ltr'>liberorum</span> <span class='ocrx_word' id='word_1_267' title='bbox 510 3462 643 3505; x_wconf 92' lang='lat' dir='ltr'>suorum</span> <span class='ocrx_word' id='word_1_268' title='bbox 675 3437 728 3524; x_wconf 86' lang='lat' dir='ltr'>(ut</span> <span class='ocrx_word' id='word_1_269' title='bbox 761 3443 892 3525; x_wconf 91' lang='lat' dir='ltr'>quidem</span> <span class='ocrx_word' id='word_1_270' title='bbox 925 3464 987 3507; x_wconf 90' lang='lat' dir='ltr'>non</span> <span class='ocrx_word' id='word_1_271' title='bbox 1023 3443 1091 3506; x_wconf 90' lang='lat' dir='ltr'>sine</span> <span class='ocrx_word' id='word_1_272' title='bbox 1124 3462 1221 3507; x_wconf 89' lang='lat' dir='ltr'>causa</span> <span class='ocrx_word' id='word_1_273' title='bbox 1254 3441 1358 3505; x_wconf 91' lang='lat' dir='ltr'>vereri</span> <span class='ocrx_word' id='word_1_274' title='bbox 1389 3435 1480 3521; x_wconf 87' lang='grc'><strong>11111)</strong></span> 
     </span>
     <span class='ocr_line' id='line_1_34' title="bbox 301 3531 1482 3614; baseline 0 -20"><span class='ocrx_word' id='word_1_275' title='bbox 301 3531 493 3612; x_wconf 88' lang='lat' dir='ltr'>derogatum</span> <span class='ocrx_word' id='word_1_276' title='bbox 526 3553 592 3596; x_wconf 91' lang='lat' dir='ltr'>esse</span> <span class='ocrx_word' id='word_1_277' title='bbox 616 3532 725 3614; x_wconf 88' lang='lat' dir='ltr'>possit.</span> <span class='ocrx_word' id='word_1_278' title='bbox 759 3532 851 3596; x_wconf 90' lang='lat' dir='ltr'>Nihil</span> <span class='ocrx_word' id='word_1_279' title='bbox 875 3532 1074 3612; x_wconf 89' lang='lat' dir='ltr'>dubitamus,</span> <span class='ocrx_word' id='word_1_280' title='bbox 1099 3532 1178 3614; x_wconf 92' lang='lat' dir='ltr'>quin</span> <span class='ocrx_word' id='word_1_281' title='bbox 1202 3531 1352 3595; x_wconf 91' lang='lat' dir='ltr'>dominus</span> <span class='ocrx_word' id='word_1_282' title='bbox 1376 3531 1482 3595; x_wconf 89' lang='lat' dir='ltr'>cardi-</span> 
     </span>
     <span class='ocr_line' id='line_1_35' title="bbox 300 3620 1481 3698; baseline 0.002 -15"><span class='ocrx_word' id='word_1_283' title='bbox 300 3620 383 3684; x_wconf 90' lang='lat' dir='ltr'>nalis</span> <span class='ocrx_word' id='word_1_284' title='bbox 408 3641 498 3684; x_wconf 89' lang='lat' dir='ltr'>sacre</span> <span class='ocrx_word' id='word_1_285' title='bbox 522 3623 687 3686; x_wconf 90' lang='lat' dir='ltr'>maiestati</span> <span class='ocrx_word' id='word_1_286' title='bbox 712 3629 817 3687; x_wconf 90' lang='lat' dir='ltr'>vestre</span> <span class='ocrx_word' id='word_1_287' title='bbox 842 3623 1026 3698; x_wconf 90' lang='lat' dir='ltr'>seruiuerit‚</span> <span class='ocrx_word' id='word_1_288' title='bbox 1049 3629 1082 3686; x_wconf 91' lang='grc'>11</span> <span class='ocrx_word' id='word_1_289' title='bbox 1107 3621 1369 3686; x_wconf 87' lang='lat' dir='ltr'>remuneratione</span> <span class='ocrx_word' id='word_1_290' title='bbox 1392 3641 1481 3685; x_wconf 88' lang='lat' dir='ltr'>sacre</span> 
     </span>
     <span class='ocr_line' id='line_1_36' title="bbox 300 3711 1481 3794; baseline 0 -21"><span class='ocrx_word' id='word_1_291' title='bbox 300 3711 463 3774; x_wconf 90' lang='lat' dir='ltr'>maiestati</span> <span class='ocrx_word' id='word_1_292' title='bbox 489 3717 595 3776; x_wconf 89' lang='lat' dir='ltr'>vestre</span> <span class='ocrx_word' id='word_1_293' title='bbox 618 3711 737 3794; x_wconf 86' lang='lat' dir='ltr'>dignus</span> <span class='ocrx_word' id='word_1_294' title='bbox 760 3714 820 3792; x_wconf 73' lang='lat' dir='ltr'>sit,</span> <span class='ocrx_word' id='word_1_295' title='bbox 855 3733 928 3775; x_wconf 92' lang='lat' dir='ltr'>cum</span> <span class='ocrx_word' id='word_1_296' title='bbox 957 3719 1066 3776; x_wconf 88' lang='lat' dir='ltr'>tamen</span> <span class='ocrx_word' id='word_1_297' title='bbox 1099 3711 1140 3775; x_wconf 93' lang='lat' dir='ltr'>ob</span> <span class='ocrx_word' id='word_1_298' title='bbox 1174 3733 1287 3776; x_wconf 91' lang='lat' dir='ltr'>causas</span> <span class='ocrx_word' id='word_1_299' title='bbox 1317 3711 1481 3794; x_wconf 88' lang='lat' dir='ltr'>predictas</span> 
     </span>
     <span class='ocr_line' id='line_1_37' title="bbox 301 3800 1480 3882; baseline 0 -19"><span class='ocrx_word' id='word_1_300' title='bbox 301 3800 392 3864; x_wconf 90' lang='lat' dir='ltr'>nulla</span> <span class='ocrx_word' id='word_1_301' title='bbox 416 3821 483 3865; x_wconf 88' lang='grc'><strong>1111</strong></span> <span class='ocrx_word' id='word_1_302' title='bbox 502 3800 653 3866; x_wconf 89' lang='lat' dir='ltr'>videatur</span> <span class='ocrx_word' id='word_1_303' title='bbox 680 3823 770 3866; x_wconf 90' lang='lat' dir='ltr'>sacre</span> <span class='ocrx_word' id='word_1_304' title='bbox 795 3804 959 3867; x_wconf 90' lang='lat' dir='ltr'>maiestati</span> <span class='ocrx_word' id='word_1_305' title='bbox 991 3808 1097 3866; x_wconf 90' lang='lat' dir='ltr'>vestre</span> <span class='ocrx_word' id='word_1_306' title='bbox 1131 3802 1351 3882; x_wconf 69' lang='lat' dir='ltr'>commoditas</span> <span class='ocrx_word' id='word_1_307' title='bbox 1384 3803 1480 3866; x_wconf 89' lang='lat' dir='ltr'>istam</span> 
     </span>
     <span class='ocr_line' id='line_1_38' title="bbox 300 3890 1481 3974; baseline -0.001 -20"><span class='ocrx_word' id='word_1_308' title='bbox 300 3890 362 3954; x_wconf 90' lang='lat' dir='ltr'>sibi</span> <span class='ocrx_word' id='word_1_309' title='bbox 387 3912 485 3972; x_wconf 91' lang='lat' dir='ltr'>quam</span> <span class='ocrx_word' id='word_1_310' title='bbox 507 3891 599 3974; x_wconf 90' lang='lat' dir='ltr'>petit,</span> <span class='ocrx_word' id='word_1_311' title='bbox 620 3892 764 3974; x_wconf 90' lang='lat' dir='ltr'>graciam</span> <span class='ocrx_word' id='word_1_312' title='bbox 788 3893 939 3970; x_wconf 79' lang='lat' dir='ltr'>faciendi,</span> <span class='ocrx_word' id='word_1_313' title='bbox 963 3891 1087 3956; x_wconf 91' lang='lat' dir='ltr'>dimitti</span> <span class='ocrx_word' id='word_1_314' title='bbox 1111 3912 1201 3974; x_wconf 89' lang='lat' dir='ltr'>posse</span> <span class='ocrx_word' id='word_1_315' title='bbox 1230 3891 1397 3956; x_wconf 88' lang='lat' dir='ltr'>videretur</span> <span class='ocrx_word' id='word_1_316' title='bbox 1420 3891 1481 3956; x_wconf 92' lang='lat' dir='ltr'>hac</span> 
     </span>
     <span class='ocr_line' id='line_1_39' title="bbox 300 3980 1481 4064; baseline -0.001 -20"><span class='ocrx_word' id='word_1_317' title='bbox 300 4001 429 4064; x_wconf 89' lang='lat' dir='ltr'>qnoque</span> <span class='ocrx_word' id='word_1_318' title='bbox 446 3980 699 4063; x_wconf 86' lang='lat' dir='ltr'>significatione:</span> <span class='ocrx_word' id='word_1_319' title='bbox 716 3981 757 4045; x_wconf 92' lang='lat' dir='ltr'>ob</span> <span class='ocrx_word' id='word_1_320' title='bbox 774 3983 879 4046; x_wconf 91' lang='lat' dir='ltr'>ardua</span> <span class='ocrx_word' id='word_1_321' title='bbox 895 3988 928 4047; x_wconf 92' lang='lat' dir='ltr'>et</span> <span class='ocrx_word' id='word_1_322' title='bbox 944 3982 1087 4046; x_wconf 87' lang='lat' dir='ltr'>maxima</span> <span class='ocrx_word' id='word_1_323' title='bbox 1099 3982 1367 4047; x_wconf 89' lang='lat' dir='ltr'>considerationis</span> <span class='ocrx_word' id='word_1_324' title='bbox 1383 4003 1481 4063; x_wconf 87' lang='lat' dir='ltr'>argu-</span> 
     </span>
     <span class='ocr_line' id='line_1_40' title="bbox 299 4070 1480 4154; baseline 0 -22"><span class='ocrx_word' id='word_1_325' title='bbox 299 4077 412 4134; x_wconf 90' lang='lat' dir='ltr'>menta</span> <span class='ocrx_word' id='word_1_326' title='bbox 426 4070 578 4152; x_wconf 88' lang='lat' dir='ltr'>impediri</span> <span class='ocrx_word' id='word_1_327' title='bbox 591 4073 794 4136; x_wconf 88' lang='lat' dir='ltr'>maiestatem</span> <span class='ocrx_word' id='word_1_328' title='bbox 811 4079 952 4138; x_wconf 91' lang='lat' dir='ltr'>vestram</span> <span class='ocrx_word' id='word_1_329' title='bbox 973 4073 1225 4138; x_wconf 89' lang='lat' dir='ltr'>sacratissimam</span> <span class='ocrx_word' id='word_1_330' title='bbox 1244 4093 1308 4154; x_wconf 93' lang='lat' dir='ltr'>quo</span> <span class='ocrx_word' id='word_1_331' title='bbox 1324 4073 1431 4136; x_wconf 90' lang='lat' dir='ltr'>minus</span> <span class='ocrx_word' id='word_1_332' title='bbox 1447 4070 1480 4133; x_wconf 90' lang='lat' dir='ltr'>id</span> 
     </span>
     <span class='ocr_line' id='line_1_41' title="bbox 301 4159 1480 4246; baseline 0 -24"><span class='ocrx_word' id='word_1_333' title='bbox 301 4159 387 4242; x_wconf 92' lang='lat' dir='ltr'>quod</span> <span class='ocrx_word' id='word_1_334' title='bbox 410 4161 501 4242; x_wconf 88' lang='lat' dir='ltr'>petit,</span> <span class='ocrx_word' id='word_1_335' title='bbox 525 4164 664 4243; x_wconf 91' lang='lat' dir='ltr'>prestari</span> <span class='ocrx_word' id='word_1_336' title='bbox 688 4167 804 4246; x_wconf 90' lang='lat' dir='ltr'>queat;</span> <span class='ocrx_word' id='word_1_337' title='bbox 837 4184 900 4226; x_wconf 91' lang='lat' dir='ltr'>non</span> <span class='ocrx_word' id='word_1_338' title='bbox 930 4169 1039 4226; x_wconf 89' lang='lat' dir='ltr'>tamen</span> <span class='ocrx_word' id='word_1_339' title='bbox 1063 4162 1254 4226; x_wconf 88' lang='lat' dir='ltr'>defuturum</span> <span class='ocrx_word' id='word_1_340' title='bbox 1278 4162 1418 4240; x_wconf 92' lang='lat' dir='ltr'>modum,</span> <span class='ocrx_word' id='word_1_341' title='bbox 1443 4167 1480 4223; x_wconf 93' lang='lat' dir='ltr'>ut</span> 
     </span>
     <span class='ocr_line' id='line_1_42' title="bbox 300 4248 1480 4335; baseline -0.001 -22"><span class='ocrx_word' id='word_1_342' title='bbox 300 4249 364 4314; x_wconf 89' lang='lat' dir='ltr'>alio</span> <span class='ocrx_word' id='word_1_343' title='bbox 379 4257 561 4332; x_wconf 92' lang='lat' dir='ltr'>opportuno</span> <span class='ocrx_word' id='word_1_344' title='bbox 578 4258 721 4335; x_wconf 87' lang='lat' dir='ltr'>tempore</span> <span class='ocrx_word' id='word_1_345' title='bbox 737 4252 870 4317; x_wconf 89' lang='lat' dir='ltr'>aliunde</span> <span class='ocrx_word' id='word_1_346' title='bbox 886 4253 916 4316; x_wconf 90' lang='grc'>11</span> <span class='ocrx_word' id='word_1_347' title='bbox 932 4253 1151 4335; x_wconf 87' lang='lat' dir='ltr'>provideatur.</span> <span class='ocrx_word' id='word_1_348' title='bbox 1170 4250 1277 4334; x_wconf 80' lang='lat' dir='ltr'>Quam</span> <span class='ocrx_word' id='word_1_349' title='bbox 1294 4252 1344 4314; x_wconf 92' lang='lat' dir='ltr'>uti</span> <span class='ocrx_word' id='word_1_350' title='bbox 1359 4248 1480 4314; x_wconf 90' lang='lat' dir='ltr'>iustam</span> 
     </span>
     <span class='ocr_line' id='line_1_43' title="bbox 300 4340 1481 4424; baseline 0.001 -21"><span class='ocrx_word' id='word_1_351' title='bbox 300 4340 348 4404; x_wconf 89' lang='lat' dir='ltr'>ita</span> <span class='ocrx_word' id='word_1_352' title='bbox 371 4341 470 4404; x_wconf 92' lang='lat' dir='ltr'>etiam</span> <span class='ocrx_word' id='word_1_353' title='bbox 493 4340 663 4406; x_wconf 91' lang='lat' dir='ltr'>honestam</span> <span class='ocrx_word' id='word_1_354' title='bbox 695 4343 936 4408; x_wconf 84' lang='lat' dir='ltr'>excusationem</span> <span class='ocrx_word' id='word_1_355' title='bbox 960 4362 996 4406; x_wconf 90' lang='lat' dir='ltr'>eo</span> <span class='ocrx_word' id='word_1_356' title='bbox 1020 4343 1124 4424; x_wconf 87' lang='lat' dir='ltr'>magis</span> <span class='ocrx_word' id='word_1_357' title='bbox 1151 4342 1258 4406; x_wconf 92' lang='lat' dir='ltr'>locum</span> <span class='ocrx_word' id='word_1_358' title='bbox 1281 4341 1401 4406; x_wconf 89' lang='lat' dir='ltr'>habere</span> <span class='ocrx_word' id='word_1_359' title='bbox 1426 4340 1481 4404; x_wconf 92' lang='lat' dir='ltr'>de-</span> 
     </span>
     <span class='ocr_line' id='line_1_44' title="bbox 301 4430 1481 4516; baseline 0.003 -22"><span class='ocrx_word' id='word_1_360' title='bbox 301 4430 377 4494; x_wconf 88' lang='lat' dir='ltr'>bere</span> <span class='ocrx_word' id='word_1_361' title='bbox 410 4435 572 4513; x_wconf 88' lang='lat' dir='ltr'>putamus,</span> <span class='ocrx_word' id='word_1_362' title='bbox 605 4433 692 4515; x_wconf 94' lang='lat' dir='ltr'>quod</span> <span class='ocrx_word' id='word_1_363' title='bbox 724 4432 945 4516; x_wconf 89' lang='lat' dir='ltr'>intelligamus</span> <span class='ocrx_word' id='word_1_364' title='bbox 967 4433 1059 4496; x_wconf 89' lang='lat' dir='ltr'>illum</span> <span class='ocrx_word' id='word_1_365' title='bbox 1084 4438 1118 4495; x_wconf 90' lang='lat' dir='ltr'>et</span> <span class='ocrx_word' id='word_1_366' title='bbox 1141 4432 1285 4512; x_wconf 90' lang='lat' dir='ltr'>alioquin</span> <span class='ocrx_word' id='word_1_367' title='bbox 1317 4431 1424 4514; x_wconf 85' lang='lat' dir='ltr'>gratia</span> <span class='ocrx_word' id='word_1_368' title='bbox 1448 4436 1481 4497; x_wconf 89' lang='lat' dir='ltr'>et</span> 
     </span>
     <span class='ocr_line' id='line_1_45' title="bbox 300 4521 1480 4588; baseline 0 -5"><span class='ocrx_word' id='word_1_369' title='bbox 300 4521 562 4584; x_wconf 90' lang='lat' dir='ltr'>remuneratione</span> <span class='ocrx_word' id='word_1_370' title='bbox 595 4544 685 4586; x_wconf 88' lang='lat' dir='ltr'>sacre</span> <span class='ocrx_word' id='word_1_371' title='bbox 718 4523 900 4588; x_wconf 89' lang='lat' dir='ltr'>maiestatis</span> <span class='ocrx_word' id='word_1_372' title='bbox 933 4529 1038 4587; x_wconf 87' lang='lat' dir='ltr'>vestre</span> <span class='ocrx_word' id='word_1_373' title='bbox 1078 4544 1142 4587; x_wconf 91' lang='lat' dir='ltr'>non</span> <span class='ocrx_word' id='word_1_374' title='bbox 1181 4522 1310 4585; x_wconf 92' lang='lat' dir='ltr'>omnino</span> <span class='ocrx_word' id='word_1_375' title='bbox 1342 4542 1480 4584; x_wconf 90' lang='lat' dir='ltr'>vacuum</span> 
     </span>
     <span class='ocr_line' id='line_1_46' title="bbox 300 4609 1480 4698; baseline 0.003 -26"><span class='ocrx_word' id='word_1_376' title='bbox 300 4609 472 4692; x_wconf 87' lang='lat' dir='ltr'>discedere,</span> <span class='ocrx_word' id='word_1_377' title='bbox 506 4612 662 4676; x_wconf 86' lang='lat' dir='ltr'>concessis</span> <span class='ocrx_word' id='word_1_378' title='bbox 688 4613 717 4680; x_wconf 89' lang='grc'>11</span> <span class='ocrx_word' id='word_1_379' title='bbox 742 4613 773 4676; x_wconf 93' lang='lat' dir='ltr'>in</span> <span class='ocrx_word' id='word_1_380' title='bbox 804 4609 915 4696; x_wconf 82' lang='lat' dir='ltr'>Styria</span> <span class='ocrx_word' id='word_1_381' title='bbox 939 4634 1002 4680; x_wconf 90' lang='lat' dir='ltr'>non</span> <span class='ocrx_word' id='word_1_382' title='bbox 1036 4613 1165 4677; x_wconf 90' lang='lat' dir='ltr'>omnino</span> <span class='ocrx_word' id='word_1_383' title='bbox 1197 4618 1358 4698; x_wconf 81' lang='lat' dir='ltr'>postrema</span> <span class='ocrx_word' id='word_1_384' title='bbox 1384 4614 1480 4680; x_wconf 88' lang='lat' dir='ltr'>sortis</span> 
     </span>
    </p>
   </div>
   <div class='ocr_carea' id='block_1_3' title="bbox 0 0 1732 5492">
    <p class='ocr_par' dir='ltr' id='par_1_4' title="bbox 0 0 1732 5492">
     <span class='ocr_line' id='line_1_47' title="bbox 0 0 1732 5492; baseline 0 1"><span class='ocrx_word' id='word_1_385' title='bbox 0 0 1732 5492; x_wconf 95' lang='lat' dir='ltr'> </span> 
     </span>
    </p>
   </div>
  </div>
 </body>
</html>
