3458 5492
450 441 469 477 s
491 440 612 478 666666
636 439 695 482 666.
718 439 847 478 suerum
871 439 924 478 666
949 427 1176 480 616616661666.
1343 423 1406 481 2011

334 610 409 675 Viri
443 617 552 674 tamen
584 611 672 676 docti
703 611 853 676 fatentur
885 613 984 677 laicos
1016 633 1056 678 ex
1088 614 1318 678 consuetudine
1358 616 1410 694 vel

227 702 395 784 privilegio
434 721 526 783 posse
565 700 712 765 conferre
748 701 1007 767 extraordinarie
1051 701 1215 783 beneficia,
1256 705 1408 786 quocirca

227 790 389 874 Georgius
413 789 608 855 Γ1616666666
627 791 662 854 16
678 788 894 873 Syntagmate
916 792 998 873 juris
1021 797 1124 872 notat,
1144 793 1184 856 de
1204 793 1292 857 facto
1316 815 1407 876 reges

227 879 411 945 Galliarum
435 880 469 942 16
494 881 591 943 666116
615 879 767 960 ecclesiia,
796 902 880 962 quae
902 881 985 962 juris
1009 881 1127 964 regalis
1150 889 1235 961 sunt,
1260 885 1407 948 conferre

227 969 392 1049 beneficia,
416 970 589 1051 pluresque
612 976 762 1034 auctores
785 991 843 1051 pro
867 971 928 1034 hac
952 972 1116 1036 sententia
1140 979 1302 1054 recenset;
1327 974 1407 1037 haec

226 1062 296 1142 ipsa
319 1061 418 1124 verba
441 1059 570 1123 concilii
594 1059 793 1138 Basiliensis,
818 1060 857 1123 dc
882 1062 1050 1126 taxatione
1073 1062 1209 1142 quintae
1232 1063 1336 1144 partis
1352 1062 1407 1126 be-

227 1149 414 1214 neficiorum
430 1149 566 1232 agentis,
583 1148 766 1213 subnectit:
797 1149 959 1231 »exceptis
982 1149 1154 1230 beneficiis,
1179 1173 1317 1233 quorum
1341 1153 1407 1234 jus-

226 1245 430 1321 6616666166,
454 1239 684 1321 praesentatio,
712 1239 850 1317 collatio,
874 1239 1040 1304 institutio
1063 1241 1113 1304 vel
1136 1242 1275 1323 provisio
1299 1241 1341 1305 ad
1357 1263 1405 1304 re·

226 1350 298 1410 gem.
330 1330 403 1412 jure
435 1328 577 1410 66661166
602 1328 650 1394 vel
674 1327 755 1392 alias
783 1328 979 1410 pertinent«
1017 1331 1063 1394 Et
1096 1337 1182 1394 certe
1215 1351 1289 1394 cum
1327 1331 1407 1395 haec

227 1420 335 1482 omnia
358 1417 401 1484 ad
424 1417 654 1482 beneficiorum
678 1418 883 1483 collationem
906 1419 1090 1500 spectantia
1113 1421 1180 1484 sint
1202 1420 1284 1501 juris
1307 1421 1407 1485 eccle·

226 1507 348 1572 siastici
367 1508 506 1590 positivi,
523 1509 631 1591 potuit
647 1509 697 1572 vel
713 1531 752 1572 ex
767 1515 864 1589 pacto
882 1528 996 1589 regum
1015 1509 1166 1574 eeclesias
1185 1509 1406 1590 fundantium,

228 1598 275 1661 vel
300 1619 338 1661 ex
362 1603 500 1680 paterna
532 1598 651 1661 summi
682 1597 846 1680 pontificis
875 1596 1081 1679 indulgentia
1104 1600 1194 1681 vigor
1217 1600 1298 1682 juris
1322 1620 1406 1664 com-

226 1688 332 1750 munis
356 1685 553 1768 quibusdam
578 1686 710 1768 regibus
733 1687 883 1766 relaxari,
916 1687 1045 1770 illisque
1069 1689 1210 1768 concedi,
1243 1694 1280 1753 ut
1303 1683 1406 1770 (salva

225 1777 343 1840 summi
376 1775 538 1860 pontificis
571 1776 775 1842 authoritate
806 1777 841 1840 in
875 1776 1030 1842 electione
1062 1778 1105 1842 ad
1133 1779 1405 1842 consecrationem

226 1873 258 1930 et
282 1867 316 1930 in
340 1861 601 1946 confirmatione)
634 1887 725 1949 reges
758 1866 907 1930 nonnulli
932 1868 1057 1950 possint
1081 1868 1199 1950 eligere
1222 1868 1406 1950 praelatum

225 1977 261 2018 eo
294 1956 397 2035 modo,
431 1977 495 2038 quo
528 1956 673 2038 capitula
701 1956 806 2020 solent
830 1956 949 2039 eligere
973 1957 1136 2041 episcopos
1160 1957 1194 2021 in
1218 1955 1404 2021 Germania.

225 2045 294 2109 Nec
327 2045 480 2123 adducor,
514 2051 552 2108 ut
584 2045 723 2118 credam,
756 2045 851 2110 hodie
874 2067 1002 2128 quoque
1035 2068 1195 2111 summum
1219 2046 1404 2130 pontificem

224 2135 439 2200 orientalibus
470 2135 673 2216 principibus
707 2135 790 2200 hanc
815 2135 1008 2200 facultatem
1031 2158 1095 2200 uon
1119 2156 1354 2215 concessurum,
1378 2138 1404 2199 si

225 2224 285 2306 ipsi
309 2223 457 2288 subditos
480 2225 613 2307 populos
632 2224 693 2288 hae
710 2245 860 2307 expressa
876 2225 935 2289 sub
953 2226 1137 2290 conditione
1162 2226 1282 2290 vellent
1305 2226 1404 2290 eccle-

225 2315 291 2378 siae
315 2314 494 2378 catholicae
518 2334 705 2396 aggregare.

332 2401 490 2486 Quaestio
523 2404 625 2485 igitur
658 2409 761 2468 restat
795 2405 915 2470 solum:
949 2425 991 2468 an
1017 2404 1057 2466 de
1080 2403 1168 2468 facto
1192 2425 1283 2487 reges
1307 2404 1404 2468 Hun-

225 2495 335 2575 gariae
358 2494 503 2558 habeant
525 2493 610 2558 hanc
634 2499 828 2576 potestatem
848 2514 912 2558 non
931 2493 1034 2558 solum
1052 2494 1242 2560 nominandi
1258 2515 1296 2558 ac
1311 2516 1404 2578 prae-

224 2583 383 2662 sentandi,
408 2604 520 2648 verum
545 2583 645 2646 etiam
670 2583 809 2664 eligendi
833 2604 870 2646 66
896 2580 1109 2648 conferendi?

331 2674 378 2736 Elt
402 2672 533 2756 quidem
558 2673 591 2736 in
615 2670 759 2754 Oorpore
782 2673 864 2754 juris
887 2672 1074 2755 Hungarici
1100 2673 1220 2738 diserte
1253 2674 1402 2752 habetur,

222 2763 427 2826 collationem
460 2761 691 2827 beneficiorum
724 2762 765 2826 ad
798 2783 906 2844 regem
939 2768 1094 2844 spectare,
1127 2786 1289 2828 summum
1327 2785 1402 2828 vero

223 2851 408 2935 pontificem
432 2858 565 2934 praeter
592 2850 870 2916 confirmationem
896 2852 1019 2916 nullam
1043 2852 1077 2915 16
1102 2852 1161 2916 hoc
1184 2874 1283 2936 regno
1306 2853 1403 2935 juris-

223 2943 398 3006 dictionem
421 2941 536 3023 exequi
562 2942 648 3004 circa
672 2940 837 3006 beneficia.
860 2941 968 3023 quue
986 2961 1118 3022 operose
1133 2942 1308 3006 admodum
1323 2964 1403 3023 qna-

223 3041 298 3096 tuor
322 3031 505 3095 rationibus
529 3029 768 3113 comprobatur,
801 3052 883 3112 quas
916 3031 1088 3094 brevitatis
1121 3052 1218 3096 causa
1240 3033 1274 3096 16
1298 3052 1403 3114 66666

223 3121 422 3186 contraham.
462 3120 583 3184 Prima.
617 3118 703 3202 Quia
736 3141 827 3202 reges
859 3119 1064 3203 Hungariae,
1096 3121 1153 3202 qui
1186 3122 1244 3186 soli
1267 3122 1402 3186 fuerunt

224 3211 415 3276 fundatores
449 3211 593 3274 onmium
626 3211 834 3274 ecclesiarum
867 3229 905 3273 ac
939 3210 1194 3292 episcopatuum,
1232 3232 1268 3275 eo
1305 3219 1402 3294 pacto

222 3301 431 3364 fundationes
464 3300 690 3379 instituerunt,
725 3306 762 3364 ut
794 3321 920 3363 omnem
954 3299 1146 3364 facultatem
1170 3301 1402 3364 nominationis

223 3411 260 3454 ac
293 3390 474 3455 collationis
507 3387 737 3454 beneficiorum
771 3390 834 3454 sibi
873 3391 1079 3454 reservarint.
1118 3388 1277 3454 Secunda.
1315 3388 1402 3473 Quia

223 3486 354 3544 6666166
374 3477 570 3561 Stephanus,
591 3479 648 3562 qui
670 3479 761 3562 prius
781 3479 991 3562 episcopatus,
1015 3479 1176 3557 abbatias,
1199 3481 1401 3562 praepositu-

223 3591 276 3634 ras
300 3569 452 3634 fundavit
475 3590 540 3634 non
563 3589 620 3652 per
644 3569 840 3652 apostolicae
864 3568 948 3633 sedis
964 3569 1248 3653 praedicationem,
1273 3570 1327 3636 sed
1344 3591 1402 3652 per

222 3659 463 3724 institutionem
496 3658 662 3740 propriam
686 3658 729 3722 ad
752 3659 1028 3722 christianitatem
1061 3658 1200 3722 adduxit
1223 3658 1401 3742 Hungaros

222 3755 255 3814 61
278 3749 320 3813 ab
345 3749 415 3831 ipso
438 3747 702 3830 praelaturarum
736 3748 939 3812 fundationis
972 3748 1066 3812 initio
1100 3769 1138 3811 ex
1166 3753 1250 3812 nutu
1284 3751 1400 3813 summi

222 3837 386 3920 pontificis
409 3837 541 3916 idoneis,
567 3838 686 3920 quibus
709 3838 813 3902 voluit
836 3839 904 3920 ipsc
923 3837 1008 3902 solus
1024 3838 1165 3902 contulit
1187 3839 1400 3921 praelaturas

222 3926 317 4010 Quod
349 3934 479 3992 constat
511 3928 633 4008 partim
660 3949 698 3991 ex
721 3949 816 4010 prosa
839 3928 874 3991 in
897 3927 981 3992 festo
1005 3928 1110 3992 sancti
1134 3927 1292 4011 Stephani
1316 3929 1401 4010 regis

222 4017 417 4100 Hungariae
441 4017 569 4081 cantari
594 4017 699 4096 solita,
723 4017 845 4100 partim
868 4039 907 4080 ex
926 4017 1105 4099 privilegiis
1129 4019 1271 4099 ejusdem
1295 4019 1400 4082 666611

221 4108 307 4190 regis
330 4128 428 4190 super
453 4107 662 4170 ecclesiarum
686 4105 935 4170 fundationibus
959 4107 1126 4170 emanatia
1160 4107 1282 4172 Tertia.
1315 4107 1340 4172 J
1342 4130 1400 4171 666

222 4196 486 4280 praescriptionis
509 4196 544 4260 id
567 4196 630 4260 sibi
654 4196 828 4259 vendicant
850 4217 941 4278 reges
965 4196 1168 4278 Hungariae,
1192 4219 1267 4260 nam
1285 4197 1326 4260 ab
1343 4219 1400 4260 an-

222 4289 271 4351 nis
295 4286 455 4351 sexcentis
478 4287 511 4350 in
536 4285 616 4348 reali
640 4291 672 4349 et
695 4284 829 4368 pacifico
853 4307 915 4350 usu
938 4306 976 4350 ac
999 4287 1195 4370 possessione
1219 4287 1400 4350 collationis

221 4376 451 4440 beneficiorum
476 4376 620 4440 fuerunt.
654 4372 790 4456 Quarta.
816 4373 903 4458 Quia
926 4375 991 4440 ista
1013 4376 1148 4440 libertas
1172 4377 1273 4459 regni,
1297 4399 1400 4459 quan-

222 4473 291 4529 tum
316 4466 359 4529 ad
382 4465 587 4530 collationem
621 4464 851 4529 beneficiorum
885 4487 951 4529 una
979 4486 1053 4530 cum
1078 4466 1149 4530 aliis
1178 4467 1399 4548 compluribus

220 4555 431 4620 libertatibus
456 4555 554 4637 hujus
577 4554 670 4638 regni
694 4555 727 4620 in
751 4554 885 4618 concilio
914 4552 1157 4620 Constantiensi
1191 4556 1400 4620 corroborata

267 4677 441 4723 ‹mtnvhn'rhlt
465 4689 482 4722 Δ
505 4689 533 4722 11.
557 4689 582 4721 Κ.
606 4687 727 4722 unorum
750 4686 801 4722 δοῦ
824 4677 974 4724 ΤὸλΤ.-ΗΕΖ.
1262 4685 1293 4731 14
