3454 5492
410 444 428 483 r
452 444 573 482 uxorin
596 444 654 482 xnv.
679 441 808 482 suerum
831 441 886 482 roe
909 425 1137 481 ronrfuerenrz.
1324 421 1363 480 51

185 616 430 698 dispositionem
463 616 663 680 coniunctim
687 635 724 679 ac
748 613 875 680 divisim
902 637 958 680 seu
981 615 1157 696 separatim
1179 605 1368 698 ‘spectanti-

185 706 256 784 bus,
289 705 371 769 nulli
404 705 510 769 valeat
542 705 714 787 provideri,
738 727 794 768 seu
818 704 1006 768 commenda
1044 704 1116 768 fieri
1148 725 1205 786 per
1237 703 1366 767 litteras

187 795 378 877 apostolicas
402 816 466 858 non
489 795 645 860 facientes
669 796 798 877 plenam
821 801 854 858 et
879 814 1062 876 expressam
1086 815 1123 858 ac
1147 793 1186 856 de
1203 794 1300 857 verbo
1325 794 1367 856 ad

185 885 322 949 verbum
346 885 386 948 de
408 885 536 950 indulto
560 885 744 950 huiusmodi
769 883 972 963 mentionem,
1004 882 1167 966 liceatque
1190 883 1235 946 eis
1260 903 1367 964 perso·

187 995 245 1037 nas
278 973 510 1038 ecclesiasticas
542 996 676 1040 suarum
710 974 926 1053 ecclesiarum,
951 973 1122 1037 civitatum
1148 979 1180 1036 ct
1205 973 1366 1044 dioeesum

187 1065 288 1126 etiam
304 1065 338 1127 in
355 1064 574 1146 dignitatibus
588 1064 783 1144 constitutis,
800 1085 858 1146 per
876 1062 1133 1129 subtractionem
1151 1068 1366 1143 proventuum

186 1174 320 1216 suorum
352 1154 582 1218 beneficiorum
614 1154 905 1219 ecclesiasticorum
938 1151 1126 1234 compellere
1159 1151 1201 1215 ad
1226 1153 1368 1215 residen-

188 1243 267 1306 dum
290 1244 504 1325 personaliter
527 1245 558 1306 in
585 1243 713 1323 eisdem,
728 1251 761 1307 et
785 1242 933 1325 qualibet
958 1243 1023 1306 alia
1047 1242 1134 1306 dicte
1157 1241 1241 1305 sedis
1261 1242 1367 1304 indul-

189 1333 300 1413 gentia
332 1335 475 1414 generali
508 1335 558 1398 vel
589 1335 721 1418 speciali
754 1334 974 1415 cuiuscunque
1008 1331 1129 1396 tenoris
1153 1331 1281 1410 existat,
1311 1353 1368 1412 per

188 1443 288 1504 quam
319 1425 526 1504 presentibus
559 1445 622 1487 non
656 1445 837 1506 expressam
868 1423 918 1486 vel
951 1422 1099 1486 totaliter
1123 1441 1188 1484 non
1212 1421 1368 1484 insertam

189 1509 323 1575 effectus
359 1511 544 1578 huiusmodi
583 1514 689 1595 gratie
721 1513 872 1594 impediri
906 1513 1012 1575 valcat
1045 1510 1288 1593 quomodolibet
1320 1511 1370 1574 vel

189 1599 323 1681 differri,
347 1610 380 1666 et
403 1603 444 1666 de
468 1625 533 1686 qua
556 1603 712 1686 cuiusque
737 1610 805 1667 toto
831 1609 941 1666 tenore
965 1601 1116 1664 habenda
1139 1601 1182 1664 sit
1199 1601 1233 1663 in
1250 1600 1369 1663 nostris

189 1691 310 1753 litteris
343 1693 464 1756 mentio
498 1692 653 1775 specialia,
687 1715 743 1757 seu
775 1693 802 1756 si
835 1713 969 1774 persone
1002 1692 1069 1773 ipse
1102 1697 1267 1772 presentes
1306 1711 1369 1753 non

190 1780 313 1844 fuerint
338 1782 379 1846 ad
402 1783 615 1864 prestandum
639 1784 677 1849 de
702 1783 912 1847 observandis
945 1781 1079 1845 statutis
1107 1787 1141 1843 et
1164 1779 1370 1843 consuetudi-

190 1871 286 1934 nibus
310 1873 527 1952 ecclesiarum,
543 1874 577 1936 in
594 1873 712 1954 quibus
729 1871 884 1936 beneficia
900 1871 1086 1935 huiusmodi
1109 1870 1218 1933 forsan
1237 1869 1369 1947 fuerint,

189 1969 228 2022 ut
260 1960 426 2042 prefertur
458 1963 589 2026 solitum
622 1964 671 2026 vel
704 1961 799 2027 solita
831 1963 1053 2025 iuramentum
1086 1980 1142 2024 seu
1177 1959 1370 2037 iuramenta,

190 2049 364 2114 dummodo
397 2053 430 2114 in
464 2052 612 2118 absentia
645 2075 704 2116 sua
736 2071 793 2134 per
825 2057 1052 2134 procuratores
1076 2050 1216 2131 ydoneos
1240 2055 1272 2112 et
1297 2070 1370 2111 cum

190 2139 233 2201 ad
258 2140 406 2204 ecclesias
429 2142 516 2225 ipsas
539 2143 733 2206 accesserint
756 2141 955 2224 corporalem
979 2140 1062 2203 illud
1084 2139 1134 2202 vel
1150 2138 1207 2202 illa
1223 2144 1370 2219 prestent

192 2229 321 2309 plenam
344 2237 378 2294 et
401 2232 538 2296 liberam
562 2240 673 2296 tenore
703 2232 903 2316 presentium
935 2229 1139 2294 concedimus
1172 2227 1371 2292 facultatem.

191 2316 346 2383 Ceterum
362 2327 401 2384 ut
416 2322 567 2404 personia,
584 2344 643 2405 pro
658 2321 776 2404 quibus
799 2319 957 2386 beneficia
979 2318 1127 2402 predicta
1150 2318 1371 2396 reservaveris,

191 2407 289 2471 citius
312 2416 346 2472 et
369 2410 497 2476 facilius
525 2413 767 2493 provideantur,
790 2411 938 2475 volumus
962 2416 993 2473 et
1022 2408 1198 2491 apostolica
1231 2407 1372 2470 auctori-

193 2505 262 2561 tate
295 2499 505 2580 decernimus,
540 2502 626 2583 quod
659 2522 794 2584 persone
817 2501 885 2582 ipse
909 2501 943 2563 in
966 2497 1204 2575 beneficiorum,
1228 2518 1291 2578 que
1314 2518 1372 2578 pro

192 2589 271 2669 ipsis
294 2589 404 2670 vigore
435 2591 635 2672 presentium
669 2591 848 2655 reservabis
881 2589 1081 2654 assecutione
1110 2585 1278 2670 quibusvis
1301 2586 1373 2649 aliis

192 2678 337 2760 personis
361 2680 583 2764 cuiuscunque
608 2682 788 2763 dignitatis,
805 2687 920 2758 status,
938 2678 1068 2761 gradus,
1084 2677 1207 2741 ordinis
1225 2683 1283 2739 aut
1300 2697 1373 2738 con-

194 2767 326 2831 ditionis
350 2770 502 2852 existant,
535 2770 691 2836 beneficia
722 2772 792 2853 ipsa
815 2770 1003 2852 quarumvis
1027 2769 1166 2831 aliarum
1191 2767 1372 2847 gratiarum

192 2860 471 2939 expectativarum
504 2867 563 2924 aut
595 2861 793 2924 facultatum
825 2881 882 2923 seu
906 2859 1172 2935 nominationum,
1205 2857 1373 2937 quibusvis

193 2947 328 3028 prelatis
360 2951 544 3030 ordinariis
576 2957 635 3014 aut
667 2950 740 3014 aliis
764 2949 965 3014 secularibus
988 2947 1198 3029 principibus,
1223 2967 1281 3028 per
1307 2967 1373 3023 nos,

193 3058 251 3100 seu
274 3040 473 3104 auctoritate
497 3046 609 3104 nostra
632 3039 692 3104 sub
717 3059 912 3122 quacunque
935 3037 1107 3100 verborum
1138 3036 1251 3114 forma,
1275 3035 1373 3098 etiam

195 3134 286 3190 motu
318 3129 449 3212 proprio
473 3137 505 3193 et
529 3150 568 3192 ex
592 3136 682 3194 certa
714 3129 850 3193 scientia
882 3128 942 3192 sub
976 3128 1047 3208 pari
1074 3126 1123 3189 vel
1156 3124 1271 3188 maiori
1296 3124 1373 3187 data

195 3237 428 3299 concessarum,
453 3225 486 3282 et
510 3220 542 3282 in
568 3228 666 3284 antea
689 3220 799 3283 forsan
831 3216 1110 3282 concedendarum
1140 3216 1248 3296 vigore
1280 3236 1374 3295 expe-

193 3308 371 3388 ctantibus
404 3311 546 3391 exceptis
578 3309 705 3391 prefate
728 3310 874 3373 Romane
907 3307 1037 3370 ecclesie
1061 3304 1292 3380 cardinalibus
1316 3311 1374 3366 aut

196 3395 269 3475 illis,
293 3398 349 3479 qui
373 3399 407 3462 in
430 3399 616 3482 primordiis
641 3406 750 3462 nostre
783 3397 1013 3481 assumptionis
1036 3397 1078 3459 ad
1102 3395 1226 3476 apicem
1258 3394 1374 3456 summi

196 3487 396 3567 apostolatus
429 3490 532 3553 nostri
555 3490 622 3553 veri
647 3489 816 3554 domestici
850 3487 997 3552 continui
1021 3483 1258 3560 commensales,
1285 3484 1374 3545 etin

195 3575 393 3656 quibusdam
426 3579 498 3642 aliis
531 3580 651 3643 litteris
684 3601 747 3662 quo
772 3577 813 3641 ad
839 3577 997 3660 quasdam
1020 3575 1102 3638 inibi
1126 3581 1295 3638 contentas
1318 3593 1375 3654 per

197 3687 254 3728 nos
279 3667 322 3729 eis
346 3689 511 3734 concessas
534 3670 758 3751 prerogativae
777 3669 811 3731 in
830 3666 1060 3731 beneficiorum
1076 3663 1375 3740 ecclesiasticorum,

197 3776 260 3836 que
279 3758 388 3838 vigore
412 3760 594 3840 gratiarum
618 3759 897 3840 expectativarum
920 3777 978 3838 per
1002 3777 1058 3819 nos
1083 3755 1127 3818 eis
1152 3771 1375 3816 concessarum

196 3865 253 3906 seu
278 3848 556 3912 concedendarum
580 3870 638 3930 pro
662 3856 806 3930 tempore
825 3851 997 3929 acceptant
1017 3844 1218 3908 assecutione
1233 3841 1377 3919 fuerunt,

197 3934 415 4016 preferantur.
447 3938 522 4001 Non
555 3938 772 4017 obstantibus,
805 3937 832 4000 si
856 3941 1063 4019 expectantes
1095 3933 1157 4015 ipsi
1191 3933 1223 3994 in
1256 3931 1377 3994 eisdem

198 4025 339 4089 ecclesiis
364 4034 484 4108 nostra,
507 4029 573 4091 sive
596 4028 774 4110 apostolica
797 4027 996 4091 auctoritate
1015 4025 1081 4087 sint
1105 4021 1236 4104 recepti,
1261 4028 1319 4084 aut
1343 4019 1376 4082 in

198 4117 400 4195 processibus
433 4118 656 4199 diligentiores
690 4118 841 4196 existant,
860 4137 984 4180 necnon
1009 4113 1257 4194 quibuscunque
1282 4111 1377 4192 privi·

198 4205 299 4285 legiis,
315 4208 539 4288 prerogativis,
555 4207 821 4285 antelationibus,
838 4206 983 4284 indultis
1000 4201 1262 4267 ordinationibus
1279 4201 1377 4263 etiam

197 4295 283 4358 sedis
299 4296 444 4377 predicte
461 4297 713 4380 exceptionibus,
730 4297 873 4375 statutis,
897 4303 930 4358 et
948 4291 1207 4376 concessionibus
1231 4309 1288 4371 per
1312 4313 1378 4366 nos,

200 4385 249 4447 vel
273 4395 490 4451 antecessores
514 4394 649 4466 nostros,
673 4407 730 4449 seu
755 4385 891 4449 eandem
915 4385 1022 4449 sedem
1036 4383 1195 4446 hactenus
1211 4379 1378 4461 quibusvis

197 4476 351 4558 collegiis,
376 4477 654 4555 universitatibus,
679 4475 968 4540 communitatibus
992 4479 1051 4537 aut
1075 4472 1147 4536 aliis
1160 4469 1379 4535 familiaribus

199 4569 320 4630 nostris
343 4569 496 4648 personis.
513 4568 612 4630 etiam
636 4565 797 4648 prefatam
822 4566 1003 4628 Romanam
1027 4564 1152 4626 curiam
1168 4558 1380 4640 sequentibus

1242 4687 1269 4736 4³3
