3458 5492
336 495 399 552 134
828 496 1017 550 onunvtrrrx'n

334 690 438 752 11111111
472 689 612 766 veniant,
645 710 725 769 111111
758 695 846 752 certe
879 687 1101 750 sanctissimus
1134 685 1424 764 (111111111111111,
1451 705 1517 748 una

332 801 407 842 cum
430 799 521 842 sacro
554 777 769 843 cardinalium
805 777 947 856 collegio,
979 782 1115 859 paterne
1146 776 1388 859 complectetur.
1421 773 1515 857 Quod

333 870 359 932 si
384 891 448 932 non
472 869 521 932 ita
545 868 639 932 facile
671 868 834 952 praestari
865 871 980 950 potest,
1013 866 1129 930 saltem
1153 866 1196 930 ad
1220 886 1421 930 communem
1451 865 1517 928 111-

333 959 485 1022 critatem
509 963 542 1022 et
566 957 785 1022 obedientiam
805 956 1044 1036 declarandam,
1065 978 1148 1020 unus
1168 956 1287 1038 aliquis
1303 958 1337 1020 in
1353 957 1516 1039 praesenti

335 1049 479 1112 omnium
505 1047 634 1112 nomine
658 1047 747 1112 mitti
770 1053 886 1129 potest,
911 1047 1061 1130 deinceps
1086 1067 1160 1110 vero
1184 1067 1302 1126 omnes,
1326 1053 1364 1110 11
1383 1068 1443 1130 par
1459 1052 1517 1124 est,

334 1159 465 1222 operam
489 1137 616 1218 darent,
639 1144 672 1202 et
689 1159 724 1201 11
740 1139 818 1219 ipsa,
844 1144 1004 1220 quantum
1027 1158 1086 1219 per
1108 1137 1271 1220 legitimas
1290 1138 1518 1219 occupationes

334 1233 366 1292 et
391 1228 624 1310 impedimenta
655 1227 778 1308 licebit,
811 1232 974 1308 curarent,
1008 1234 1045 1290 nt
1077 1227 1138 1290 hac
1166 1249 1295 1310 quoque
1318 1233 1386 1292 tam
1410 1247 1518 1290 neces-

335 1319 422 1384 saria
439 1318 473 1382 in
488 1339 532 1397 re,
557 1324 589 1383 et
613 1317 759 1400 antiquis
784 1317 930 1397 decretis,
957 1324 989 1381 11
1012 1317 1204 1382 novissimae
1228 1318 1415 1382 sanctitatis
1440 1337 1518 1380 suae

334 1408 570 1486 constitutioni,
588 1408 764 1492 diligenter
783 1407 1020 1471 satisfacerent.
1039 1407 1127 1471 Nam
1150 1409 1309 1472 sanctitas
1333 1429 1401 1488 sna,
1424 1407 1518 1470 annis

333 1498 488 1582 proximis
511 1505 637 1562 veteres
661 1499 700 1563 de
723 1497 895 1562 visitandis
918 1498 1085 1562 liminibus
1117 1497 1302 1580 apostolicis
1334 1519 1442 1562 sacros
1465 1518 1517 1561 oa-

333 1610 432 1652 noncs
449 1594 482 1651 ot
497 1585 688 1672 pontificum
705 1587 953 1652 constitutiones
973 1588 1148 1668 innovavit,
1171 1589 1327 1672 pleraque
1343 1588 1384 1652 ad
1401 1587 1517 1652 horum

334 1685 516 1761 temporum
533 1679 693 1742 rationem
709 1679 972 1758 accommodavit,
983 1681 1150 1761 annosque
1159 1678 1415 1761 praesentationi
1425 1698 1517 1760 prae-

334 1769 453 1848 stituit,
474 1769 747 1852 quemadmodum
770 1790 809 1832 ex
832 1767 971 1851 ipsamet
994 1769 1237 1849 constitutione,
1262 1790 1359 1852 quam
1383 1769 1426 1832 ad
1450 1789 1518 1832 ma-

333 1860 484 1941 jestatem
508 1863 648 1923 vestram
682 1860 786 1938 mitto,
819 1858 951 1923 uberius
980 1863 1158 1940 cognoscet,
1182 1860 1276 1941 cujus
1299 1880 1375 1923 sane
1400 1859 1518 1923 consti-

334 1950 480 2027 tutionis,
505 1970 588 2031 quae
612 1969 671 2013 sua
696 1954 744 2012 est
767 1948 881 2031 pietas„
905 1949 931 2013 si
956 1951 984 2012 ei
1008 1949 1178 2031 placuerit,
1197 1949 1326 2031 jubebit
1349 1949 1518 2014 admoneri

336 2046 369 2102 et
392 2040 568 2122 participes
590 2037 662 2103 fieri
685 2039 848 2122 praelatos
872 2060 982 2104 omnes
1006 2061 1138 2104 suorum
1162 2060 1338 2122 regnorum
1361 2046 1394 2103 et
1417 2039 1517 2103 domi·

334 2130 471 2209 nicrum,
510 2137 549 2193 ut
589 2130 629 2194 dc
668 2149 706 2192 ea
743 2129 954 2210 observanda,
994 2151 1091 2211 quam
1125 2131 1254 2212 debent,
1287 2129 1517 2212 cogitationem

334 2217 524 2302 suscipiant.
541 2216 643 2301 Spero
659 2225 769 2283 autem
790 2220 886 2302 quod,
905 2241 963 2302 per
979 2219 1042 2284 Dei
1063 2222 1213 2302 gratiam,
1224 2221 1395 2303 majestate
1411 2225 1518 2284 vestra

334 2308 545 2393 suffragante,
568 2309 647 2372 haec
680 2316 749 2374 tam
779 2309 955 2374 laudabilis
979 2311 1179 2374 consuetudo
1203 2310 1245 2374 ad
1269 2332 1363 2374 usum
1389 2331 1517 2374 revoca-

334 2400 434 2480 bitur,
458 2399 563 2463 multa
595 2399 671 2463 indc
702 2399 787 2463 bona
818 2400 860 2463 ad
884 2399 946 2463 Dei
972 2401 1118 2482 gloriam,
1143 2400 1184 2464 ad
1208 2401 1310 2483 ipsius
1335 2401 1515 2482 majestatis

334 2495 460 2554 vestrae
475 2489 679 2572 dignitatem,
695 2489 893 2572 illarumque
909 2490 1117 2555 ecclesiarum
1134 2492 1318 2556 uberiorem
1336 2490 1516 2554 utilitatem

335 2586 367 2644 et
399 2579 559 2644 auxilium
592 2585 815 2644 consecutura.
849 2580 901 2643 Ex
935 2602 998 2662 quo
1030 2583 1128 2645 etiam
1152 2587 1244 2645 vetus
1268 2581 1429 2662 quaedam
1453 2601 1518 2643 me·

335 2670 446 2750 moria,
483 2690 565 2752 quac
600 2670 707 2734 adhuc
743 2670 870 2735 ratione
902 2671 1044 2753 quadam
1076 2671 1235 2754 perdurat
1267 2672 1301 2734 in
1334 2671 1395 2735 hac
1428 2671 1517 2748 urbe,

335 2759 512 2840 reviviscet,
538 2760 614 2823 olim
638 2759 672 2823 in
696 2761 1015 2843 peregrinationibus
1039 2761 1080 2824 ad
1105 2761 1183 2824 haec
1209 2782 1302 2826 sacra
1325 2761 1395 2826 loca
1419 2761 1517 2825 susci-

336 2849 462 2932 piendis
486 2850 647 2914 illustrem
671 2851 817 2915 extitisse
841 2851 1043 2915 devotionem
1062 2850 1276 2934 Hungaricae
1300 2852 1450 2916 nationis

442 2939 583 3004 Interim
607 2940 775 3005 humiliter
798 2941 1004 3023 majestatem
1028 2947 1168 3006 vestram
1192 2962 1297 3021 exoro,
1314 2947 1352 3006 ut
1375 2942 1518 3024 longitu-

336 3031 405 3094 dini
428 3030 600 3094 literarum
623 3037 747 3113 parcat,
772 3037 805 3095 et
829 3053 926 3113 quam
950 3033 983 3095 in
1008 3037 1076 3096 tam
1100 3032 1202 3096 libere
1225 3032 1396 3096 scribendo
1420 3032 1518 3096 licen-

336 3121 416 3184 tiam
449 3120 580 3202 sumpsi,
619 3120 785 3185 attribuat
818 3121 1042 3186 observantiae
1082 3143 1170 3186 meae
1209 3122 1392 3204 studioque,
1432 3121 1518 3204 quod

335 3210 501 3294 majestati
526 3217 651 3275 vestrae
676 3209 786 3291 debeo,
819 3233 877 3294 pro
910 3213 980 3295 ejus
1014 3212 1254 3276 existimatione
1287 3219 1320 3276 et
1348 3213 1460 3294 gloria,
1484 3213 1517 3276 in

336 3301 376 3366 111
399 3301 582 3384 praecipue,
599 3323 618 3364 a
635 3301 755 3384 quibus
772 3303 857 3365 tanti
877 3302 979 3366 refert
1002 3302 1124 3366 famam
1148 3301 1314 3384 religionis
1337 3303 1519 3385 majestatis

336 3397 462 3455 vestrae
494 3390 669 3474 splendere,
704 3393 797 3474 cujus
832 3413 945 3457 manus
978 3392 1065 3455 omni
1084 3393 1267 3456 reverentia
1292 3392 1519 3474 deosculando,

336 3481 443 3545 Deum
463 3483 622 3562 optimum
640 3481 817 3544 maximum
834 3503 892 3564 pro
911 3505 947 3546 11
965 3504 1062 3564 quam
1082 3482 1220 3545 maxime
1244 3489 1337 3565 optat
1361 3483 1518 3548 felicitate

336 3571 526 3654 suppliciter
562 3571 725 3652 deprecor.
758 3571 881 3634 Romae
915 3571 1054 3638 XVIII.
1078 3571 1235 3636 Ianuarii
1270 3576 1364 3636 1589.
1393 3581 1519 3638 vestrae

270 3696 272 3700 ·
336 3681 505 3725 caesareae
527 3661 709 3741 majestatis
732 3660 921 3724 humilimus
945 3683 983 3726 ac
1007 3662 1227 3726 deditissimus
1251 3663 1388 3727 servitor

1070 3785 1256 3852 Oardinalis
1280 3786 1473 3854 Gesualdus.

447 3942 632 4012 Hdtlopjciu:
663 3950 828 4013 Exemplum
850 3947 997 3999 literarum
1026 3947 1175 4000 cardinalis
1204 3949 1335 4002 Gcsualdi
1356 3953 1389 4001 ad
1412 3966 1518 4002 sacram

337 4034 492 4070 caesaream
511 4019 694 4083 majestatem.

444 4162 586 4226 (Egykorr'r
606 4163 730 4226 11111111,
751 4180 767 4213 1
787 4161 859 4215 bc'csi
879 4162 974 4215 11111111
994 4164 1186 4227 1111111111111.)
