3436 5500
831 426 1019 478 onnsvtmin
1045 489 1050 501 Ι

869 759 975 823 ΧΠΙ.

785 923 880 983 1441.
906 919 991 1002 april
1016 925 1066 983 11.

244 1139 247 1146 .
335 1084 467 1149 Utdsalo'
489 1081 601 1163 kirtly
624 1081 759 1146 Kottrer
784 1083 848 1147 Pul
872 1082 1052 1148 kiaeveeett
1074 1082 1207 1166 adpetiti
1228 1083 1391 1164 pdspdkdt
1418 1083 1515 1146 bisto-

328 1173 417 1255 st'tjo,
441 1173 525 1254 bucy
540 1169 619 1235 acici
637 1171 804 1236 Titullocai
820 1172 914 1236 dicite
930 1173 995 1237 bria
1011 1193 1032 1236 u
1049 1173 1136 1237 deaei
1156 1173 1261 1236 auena
1284 1173 1351 1237 leod
1369 1173 1515 1254 prtspo'bi

528 1261 669 1326 vctrokot
693 1261 912 1345 kordosoayip
929 1263 971 1336 Ja·
993 1261 1084 1345 fopju
1106 1262 1322 1346 seolpditotai.

435 1425 504 1489 Nos
521 1424 726 1488 Wladislaus
746 1423 808 1487 Dei
827 1427 938 1507 gracia
963 1425 1145 1508 Hungarie,
1168 1425 1311 1505 Polonie,
1336 1425 1513 1505 Daimacie,

328 1515 461 1580 Oroacie
494 1519 554 1578 etc.
586 1535 654 1594 rex,
677 1513 936 1596 Lythwanieque
968 1516 1118 1598 princeps
1150 1537 1319 1597 supremus
1352 1536 1389 1579 ac
1421 1515 1513 1578 heres

327 1605 448 1670 Ruscie
471 1609 530 1667 etc.
555 1603 785 1686 Significamus
810 1604 926 1668 harum
950 1610 1063 1669 tenore
1086 1605 1205 1688 quibus
1230 1605 1360 1688 expedit
1385 1606 1512 1667 univer-

327 1697 379 1772 sis,
413 1693 500 1777 quod
532 1693 610 1757 licet
641 1693 704 1757 hiis
738 1693 861 1769 diebus,
890 1695 1022 1759 intuitis
1054 1695 1235 1759 virtutibus
1260 1702 1293 1759 et
1316 1696 1401 1759 bona
1424 1695 1513 1757 fama
1541 1711 1543 1714 ·

327 1783 521 1849 venerabilis
546 1783 668 1847 domini
691 1783 784 1848 Petri
808 1786 952 1849 Kottrer
976 1785 1180 1848 decretorum
1213 1785 1354 1849 doctoris
1387 1784 1513 1848 cancel-

325 1875 401 1938 ]arii
424 1873 564 1937 illustris
587 1873 745 1955 principis
770 1874 893 1938 domini
909 1873 1044 1939 Alberti
1068 1875 1159 1938 ducis
1182 1873 1321 1938 Austrie
1346 1880 1379 1938 et
1402 1873 1511 1952 Stirie,

326 1964 441 2028 fratris
464 1970 498 2027 et
521 1963 751 2044 consangvinei
772 1964 878 2038 ‚nostri
902 1965 1070 2050 carissimi,
1104 1970 1202 2046 atque
1229 1971 1379 2046 respectu
1402 1964 1511 2046 singu-

325 2055 403 2118 laris
427 2052 663 2134 complacencie
686 2074 744 2134 per
768 2074 841 2117 eum
865 2053 899 2117 in
924 2054 1138 2119 eliberacione
1171 2053 1335 2136 magnifici
1368 2053 1511 2116 Emerici

325 2144 365 2209 de
398 2143 565 2224 Marczaly
588 2142 715 2206 comitis
748 2141 952 2225 Simigiensis
986 2145 1025 2207 de
1051 2144 1259 2226 captivitate,
1293 2164 1391 2225 quam
1424 2143 1510 2206 idem

325 2234 406 2297 alias
439 2233 610 2312 inciderat,
643 2233 737 2296 nobis
770 2240 898 2297 ostense
930 2239 963 2297 et
996 2233 1149 2313 exhibite,
1173 2233 1312 2297 eundem
1344 2232 1510 2295 dominum

325 2323 462 2387 Petrum
495 2323 638 2386 Kottrer
670 2322 704 2384 in
738 2323 921 2387 membrum
954 2323 1052 2386 huius
1075 2323 1169 2405 regni
1193 2323 1295 2386 nostri
1319 2323 1511 2386 assumendo

325 2418 357 2476 et
382 2411 586 2494 preficiendo,
619 2411 840 2493 episcopatum
874 2413 1005 2476 ecclesie
1037 2412 1279 2494 ZagrabiensiS,
1312 2411 1407 2474 simul
1436 2432 1510 2474 cum

325 2503 475 2566 omnibus
491 2501 557 2565 suis
578 2501 703 2581 castris,
726 2501 862 2583 oppidis
886 2502 995 2582 curiis,
1019 2502 1233 2581 districtibus,
1256 2501 1509 2583 possessionibus

324 2599 357 2654 et
389 2591 523 2670 tenutiS,
561 2590 665 2654 eidem
704 2591 955 2669 contulerimus3
995 2597 1104 2655 tamen
1145 2592 1223 2674 quia
1255 2591 1312 2654 ilia
1344 2591 1510 2654 occasione

325 2681 411 2763 quod
443 2680 506 2744 hiis
539 2680 776 2744 disturbiorum
815 2681 1016 2763 temporibus
1055 2680 1247 2763 magnificus
1289 2679 1429 2744 Mathko
1469 2681 1509 2746 de

325 2770 486 2850 Talloucz,
511 2791 687 2852 regnorum
713 2769 890 2850 Dalmacie,
914 2769 1048 2836 Oroacie
1073 2777 1106 2834 et
1129 2771 1233 2834 tocius
1257 2769 1427 2836 Sclavenie
1451 2771 1509 2834 ba-

323 2881 385 2923 nus
405 2867 574 2942 tutorque
608 2860 695 2923 dicte
728 2861 859 2924 ecclesie
893 2860 1135 2943 Zagrabiensis,
1174 2861 1213 2923 de
1253 2860 1369 2922 castris
1407 2860 1508 2942 ipsius

323 2950 455 3014 ecclesie
471 2949 703 3031 Zagrabiensis
720 2956 752 3013 et
768 2971 827 3033 per
843 2950 955 3014 eadem
980 2949 1159 3014 defensioni
1183 2949 1264 3013 dicti
1286 2949 1380 3030 regni
1404 2951 1508 3013 nostri

324 3038 493 3103 Sclavonie
509 3040 690 3103 necessario
707 3040 878 3103 intendere
894 3041 995 3104 habet
1011 3047 1043 3103 et
1060 3040 1165 3118 debet,
1188 3038 1374 3102 huiusmodi
1399 3047 1507 3104 castra

324 3150 450 3193 exnunc
476 3135 509 3193 et
540 3129 582 3192 ad
616 3130 738 3208 statim,
771 3131 866 3211 juxta
898 3137 1081 3212 pretaotam
1112 3136 1258 3193 nostram
1290 3128 1506 3208 collacionem,

322 3227 499 3283 memorato
522 3219 652 3282 domino
677 3218 776 3283 Petro
801 3221 902 3285 electo
926 3220 1086 3302 assignari
1110 3240 1174 3282 non
1197 3224 1342 3301 possunt,
1371 3218 1443 3282 ideo
1467 3227 1505 3283 ut

321 3309 407 3372 idem
440 3308 589 3372 dominus
622 3309 744 3373 electus
778 3308 817 3371 de
850 3310 1062 3373 restitucione
1099 3308 1285 3372 huiusmodi
1323 3315 1506 3372 castrorum

322 3400 444 3462 cercior
468 3397 640 3476 efficiatur,
672 3419 896 3463 assecuramus
927 3401 1065 3462 eundem
1089 3399 1123 3461 in
1146 3399 1243 3462 verbo
1267 3397 1365 3479 regio,
1391 3404 1424 3462 et
1447 3420 1505 3480 pro

321 3488 409 3551 dicto
433 3487 615 3550 Mathkone
639 3487 725 3551 bano
747 3488 980 3569 promittimus,
1005 3489 1091 3570 quod
1115 3488 1199 3551 idem
1225 3494 1332 3551 castra
1356 3495 1506 3570 protacta

321 3578 461 3640 antefati
494 3576 697 3659 episcopatus
728 3577 961 3658 Zagrabiensis
985 3599 1086 3659 usque
1110 3578 1151 3640 ad
1175 3578 1296 3641 festum
1319 3577 1505 3641 nativitatis

321 3688 408 3729 nunc
441 3666 622 3729 affuturum
653 3666 819 3746 inclusive,
860 3668 955 3749 juxta
988 3689 1047 3731 sua
1079 3667 1278 3748 obligamina
1311 3673 1343 3730 et
1375 3668 1505 3731 litteras

321 3757 460 3838 desuper
492 3755 580 3819 facta
612 3761 646 3818 et
678 3757 849 3835 coniectas,
889 3757 951 3838 ipsi
990 3756 1119 3820 domino
1152 3757 1253 3820 electo
1286 3757 1439 3820 restituet
1471 3765 1505 3820 et

321 3846 510 3928 assignabit,
543 3845 800 3928 adimplebitque
833 3846 934 3909 eciam
958 3846 1023 3910 alia
1047 3847 1175 3928 singula
1203 3851 1302 3929 prout
1325 3847 1358 3909 in
1384 3846 1503 3911 eisdem

318 3935 440 3999 litteris
464 3935 514 3999 sui
538 3935 756 4017 subligatoriis
780 3936 975 4014 continetur,
999 3936 1068 3999 sine
1091 3936 1208 4001 fraude
1232 3943 1265 4000 et
1289 3936 1369 4013 dolo,
1386 3937 1503 4000 harum

320 4033 507 4089 nostrarum
531 4025 717 4088 testimonio
741 4025 929 4088 litterarum
953 4026 1126 4090 mediante.
1151 4025 1276 4089 Datum
1296 4026 1329 4088 in
1347 4027 1503 4090 descensu

318 4121 430 4178 nostro
454 4114 644 4178 exercituali
668 4116 842 4198 campestri
869 4116 963 4198 juxta
996 4115 1150 4197 oppidum
1185 4114 1329 4180 Sabaria
1362 4116 1502 4178 secundo

319 4204 372 4267 die
394 4205 471 4268 festi
494 4225 589 4286 pasce
613 4204 744 4283 domini,
777 4225 863 4267 anno
887 4204 1030 4268 eiusdem
1054 4205 1222 4268 millesimo
1248 4205 1502 4286 quadringente·

319 4294 399 4357 simo
425 4294 672 4376 quadragesimo
696 4295 809 4376 primo.
834 4296 880 4357 Et
904 4316 960 4358 nos
978 4293 1097 4376 Symon
1114 4295 1154 4358 de
1170 4295 1302 4375 Rozgon
1319 4292 1501 4375 AgriensiS,

318 4383 488 4448 Johannes
508 4384 744 4463 Waradiensis,
768 4384 888 4447 Petrus
912 4382 1148 4448 Ohauadiensis
1172 4383 1321 4465 episcopi,
1345 4383 1501 4447 Nicolaus

319 4474 358 4537 de
376 4473 500 4555 Wylak
518 4473 681 4554 waywoda
705 4474 956 4538 Transsilvanus
981 4480 1013 4537 et
1036 4475 1141 4560 banus
1165 4473 1403 4536 Machoviensis
1427 4494 1500 4536 nec-

318 4585 381 4626 non
407 4584 511 4626 comes
536 4562 781 4634 Themesiensis,
814 4563 955 4627 Mathko
979 4564 1018 4626 de
1043 4559 1196 4627 'Palloucz
1222 4584 1396 4644 regnorum
1420 4563 1501 4627 Dal-
