3454 5492
304 443 355 508 564
809 453 997 506 6111111111

312 637 448 720 dignum
465 638 527 702 sibi
544 637 719 718 videbitur,
745 640 944 704 auctoritate
969 660 1095 720 semper
1110 640 1388 722 jurispatronatus
1405 662 1498 724 rega·

311 728 360 805 lis,
385 728 489 792 eidem
511 725 887 810 presentibus'effeetive
911 749 1069 808 concessa,
1093 731 1249 810 conterre,
1265 737 1298 794 et
1318 731 1358 794 de
1377 731 1497 796 eisdem

312 818 481 899 providere
505 823 538 880 et
561 817 613 899 jus
636 817 813 900 cujuslibet
830 819 1067 912 'dispositionis
1100 840 1210 884 eorum
1239 840 1296 883 seu
1319 821 1497 884 earundem

311 907 397 970 idem
430 905 658 988 sigismundus
690 908 874 990 prepositus
906 908 1027 972 habere
1058 909 1159 990 possit
1184 915 1217 974 et
1240 909 1356 990 161661,
1380 911 1497 974 harum

312 1003 498 1061 nostrarum
521 998 631 1078 vigore
663 1004 697 1060 et
730 998 916 1062 testimonio
944 998 1131 1062 litterarum
1164 998 1337 1063 mediante.
1370 998 1496 1063 Datum

311 1087 415 1164 Bude,
448 1086 532 1150 feria
566 1093 685 1168 quarta
717 1087 865 1169 proxima
898 1094 975 1151 ante
1009 1087 1129 1152 festum
1161 1088 1257 1153 beate
1282 1089 1498 1172 Margarethe

312 1176 448 1257 virginis
481 1182 514 1240 et
548 1176 702 1254 martiris,
746 1197 830 1240 anno
865 1177 988 1240 domini
1026 1177 1196 1242 millesimo
1236 1178 1497 1261 quingentesimo

312 1287 487 1348 regnorum
519 1272 706 1330 nostrorum
739 1266 913 1347 Hungarie
953 1275 1012 1330 616.
1046 1288 1130 1330 6116
1169 1267 1302 1347 (16611116,
1341 1269 1498 1334 Bohemie

297 1377 386 1420 uero
411 1355 583 1420 tricesimo.

420 1512 572 1577 (Eredetije
592 1530 622 1564 az
642 1515 806 1580 Eszterhdzy
826 1517 978 1580 herczegek
999 1513 1164 1567 kismartoni
1184 1515 1395 1576 reverta-anan.)

818 1854 989 1921 1111111.

798 2023 883 2081 1666
910 2019 1010 2101 rajan.

312 2184 361 2248 II.
386 2183 516 2248 Ulrisalo‘
539 2181 649 2263 birrilp
673 2203 693 2245 6
710 2180 823 2263 joazar·
842 2185 1065 2264 prepostsdpot
1090 2181 1209 2246 11111611
1234 2180 1499 2264 cailloprisactnalc

780 2272 1031 2352 crrlomdnporco.

420 2433 488 2496 Nos
512 2439 572 2496 eto.
605 2433 765 2496 Memorie
788 2434 1051 2497 commendamus
1075 2440 1134 2496 616.
1167 2431 1262 2514 Quod
1287 2453 1344 2496 nos
1368 2433 1497 2496 inducti

314 2523 440 2587 meritis
473 2529 506 2586 et
538 2522 718 2586 virtutibus
750 2521 854 2586 fidelis
888 2524 990 2586 nostri
1024 2523 1224 2586 honorabilis
1249 2528 1271 2586 t.
1295 2521 1496 2600 (Jctcacts)

312 2612 468 2694 astrologi
501 2613 613 2690 nostri,
653 2613 774 2692 quibus
814 2613 951 2677 eundem
984 2612 1115 2694 propria
1148 2620 1260 2676 nostra
1293 2612 1497 2694 experiencia

311 2703 477 2786 preditum
501 2723 569 2766 esse
592 2702 809 2783 cognovimus,
843 2703 981 2766 eundern
1005 2703 1108 2784 igitur
1132 2706 1301 2784 tamquam
1326 2722 1496 2784 personam

311 2793 461 2856 idoneam
485 2799 519 2854 et
543 2791 776 2855 benemeritam
801 2791 842 2868 ad
866 2792 1107 2874 preposituram
1131 2792 1170 2854 de
1195 2788 1386 2870 1.(1616111)
1410 2811 1498 2855 nunc

311 2904 368 2966 per
392 2889 528 2946 mortem
553 2887 587 2944 61
611 2881 776 2946 decessum
802 2881 996 2946 venerabilis
1029 2881 1166 2945 condam
1190 2886 1204 2944 t
1206 2928 1369 2946 ......
1372 2931 1379 2959 ,
1413 2881 1495 2944 6116-

312 2973 386 3036 dem
417 2971 621 3054 prepositure
654 2971 763 3034 ultimi
786 2971 854 3035 1611
878 2977 911 3034 61
935 2971 1115 3035 immediati
1148 2971 1337 3052 possessoris
1362 2971 1499 3053 dejure

312 3069 345 3126 61
362 3062 401 3124 de
418 3063 505 3126 lacto
526 3067 703 3139 vacantem,
729 3061 927 3125 anctoritate
951 3061 1229 3143 jurispatronatus
1245 3061 1350 3125 nostri
1368 3061 1495 3142 regalis,

312 3151 398 3235 quod
424 3151 619 3234 generaliter
643 3151 677 3213 in
701 3152 850 3216 omnibus
874 3151 967 3232 regni
993 3151 1098 3214 nostri
1122 3150 1272 3230 ecclesiis,
1296 3151 1401 3214 instar
1424 3171 1495 3232 pre-

312 3243 514 3307 decessorum
552 3248 739 3304 nostrorum
779 3262 892 3322 regum
932 3240 1107 3322 Hungarie
1145 3241 1310 3319 habemus,
1344 3239 1498 3304 duximus

312 3331 506 3413 eligendum,
530 3330 774 3409 nominandum,
797 3330 1068 3413 presentandum;
1102 3330 1150 3392 ita
1175 3337 1293 3406 tamen,
1318 3329 1404 3412 quod
1428 3330 1499 3410 ipse

311 3420 466 3502 magister
498 3419 669 3483 Johannes
702 3420 789 3482 infra
821 3427 949 3502 tempus
980 3420 1107 3483 adhoc
1132 3419 1267 3500 dejure
1291 3419 1439 3482 debitum
1463 3425 1495 3480 et

311 3515 483 3589 statutum,
507 3510 658 3573 habitum
682 3509 807 3572 ordinis
830 3529 1002 3586 assumere,
1034 3529 1071 3572 ac
1095 3509 1128 3572 in
1154 3508 1266 3572 eadem
1291 3508 1500 3591 prepositura.

311 3599 509 3664 sufficientes
533 3599 653 3663 tratres
677 3600 820 3662 eiusdem
844 3598 967 3662 ordinis
992 3607 1111 3678 tenere,
1136 3619 1174 3660 66
1198 3599 1330 3680 insuper
1354 3597 1440 3664 bona
1463 3603 1495 3660 61

311 3691 385 3772 jura
407 3690 659 3771 possessionaria
682 3689 825 3752 eiusdem
850 3688 990 3766 ecclesie,
1023 3695 1183 3769 quantum
1208 3689 1242 3752 in
1265 3710 1301 3752 eo
1326 3687 1496 3768 61111116-

312 3788 421 3861 tegere
445 3799 570 3862 semper
594 3786 626 3842 61
651 3779 824 3842 defendere
841 3779 959 3842 debeat
976 3783 1009 3840 et
1026 3785 1195 3859 teneatur;
1219 3779 1317 3842 immo
1336 3776 1499 3859 eligimus,

311 3869 515 3934 nominamus
549 3875 581 3933 et
613 3876 846 3950 presentamus,
880 3887 918 3932 ac
951 3868 1086 3931 eandem
1119 3868 1358 3950 preposituram
1391 3866 1496 3930 eidem

312 3959 407 4022 simul
440 3980 514 4022 oum
548 3958 644 4022 dictis
677 3958 743 4021 suis
778 3958 936 4021 universis
961 3957 1053 4020 bonis
1078 3958 1313 4038 temporalibus
1339 3956 1500 4020 dedimus..

312 4046 474 4130 Quocirca
497 4048 587 4112 vobis
610 4048 699 4112 fideli
723 4054 834 4110 nostro
859 4055 890 4125 1.,
915 4047 997 4110 66116
1020 4047 1223 4128 presencium
1248 4046 1386 4112 firmiter
1411 4065 1495 4108 oom-

312 4138 473 4201 mittimus
498 4145 530 4202 et
554 4137 755 4216 mandamus,
791 4143 952 4218 quatenus
976 4137 1117 4218 acceptis
1141 4137 1354 4219 presentibus,
1388 4135 1496 4216 preta-

312 4235 383 4290 tum
407 4235 429 4288 t.
454 4225 675 4306 (Johuuaea)
700 4228 731 4291 in
767 4227 856 4291 dicta
888 4227 1094 4308 prepositura
1128 4226 1168 4290 de
1192 4222 1391 4304 1.(166611),
1423 4245 1495 4305 pre-

312 4317 425 4398 scripti
442 4318 546 4381 nostri
562 4318 1034 4399 jurispatronatus,vestraque
1047 4316 1214 4380 ordinaria
1231 4313 1500 4392 auctoritatibus,

311 4407 447 4470 servatis
480 4407 520 4470 de
552 4409 625 4488 jure
657 4407 832 4485 servandis
866 4406 1019 4471 canonice
1043 4406 1215 4469 instituere
1240 4410 1272 4468 61
1296 4403 1497 4482 confirmare,

312 4516 350 4559 ac
374 4497 477 4560 eidem
502 4497 541 4560 de
565 4496 621 4559 illa
644 4497 738 4578 pleno
762 4498 833 4578 jure
857 4495 1036 4578 providere,
1062 4495 1100 4558 de
1125 4494 1283 4558 universis
1301 4493 1402 4557 eciam
1421 4513 1497 4575 pro-

311 4587 462 4649 ventibus
494 4592 527 4649 et
558 4586 722 4649 fructibus
756 4587 899 4650 eiusdem
932 4585 1135 4667 prepositure
1168 4584 1230 4666 ipsi
1255 4590 1276 4646 t.
1300 4581 1501 4661 (Jobonai),
