3436 5500
320 413 360 470 26
815 418 1003 470 ornnvmrta

319 603 405 667 dicte
429 603 569 682 ecclesie,
602 624 660 667 nec
688 625 753 667 non
780 604 955 686 quamdam
979 609 1171 686 perpetuam
1195 605 1409 686 capellaniam
1433 605 1502 669 sine

318 713 397 757 cura
420 694 462 756 ad
487 694 592 757 altare
616 695 720 757 sancti
740 691 875 757 Andree
892 694 991 757 situm
1008 693 1041 756 in
1058 694 1179 773 cadem,
1203 714 1341 774 quorum
1358 695 1503 758 omnium

319 782 447 846 fructus
482 781 631 846 redditus
660 789 692 846 et
720 790 896 866 proventus
929 789 1060 846 centum
1095 789 1128 846 et
1160 782 1278 865 viginti
1306 782 1503 850 florenorum

318 872 525 936 similium...
559 873 699 936 valorem
732 894 878 936 annuum
902 893 966 935 non
991 873 1162 953 excedunt,
1186 873 1338 937 canonice
1362 874 1503 938 nosceris

317 963 474 1026 obtinere.
498 961 659 1028 Volumus
692 968 803 1026 autem
837 962 923 1044 quod
957 962 1197 1044 quamprimum
1231 963 1341 1045 vigore
1372 984 1503 1045 presen-

318 1052 402 1115 tium
427 1051 513 1116 dicte
536 1052 741 1134 prepositure
764 1053 996 1133 possessionem
1020 1050 1120 1116 fueris
1139 1051 1308 1133 pacificam
1325 1059 1501 1132 assecutus

319 1141 500 1206 custodiam
523 1141 705 1223 predictam
729 1162 828 1222 quam
847 1147 982 1204 extunc
1006 1161 1121 1204 vacare
1145 1141 1349 1206 decernimus
1372 1142 1501 1206 omnino

318 1230 484 1294 dimittere
517 1232 739 1295 tenearis...
774 1229 900 1294 Datum
931 1231 1034 1294 Rome
1067 1231 1154 1313 apud
1186 1239 1336 1295 sanctum
1365 1232 1502 1296 Petrum

317 1342 402 1384 anno
435 1321 670 1384 incarnationis
702 1320 843 1384 dominio
878 1320 1049 1384 millesimo
1078 1321 1399 1403 quadringentesimo
1423 1341 1502 1402 qua-

319 1410 500 1492 dragesimo
524 1411 648 1492 quinto,
676 1409 783 1492 pridie
807 1431 909 1473 nonas
932 1409 957 1474 J
960 1410 1029 1473 unii
1052 1431 1138 1473 anno
1163 1411 1412 1493 quintodecimo.

427 1571 462 1628 (A
482 1566 609 1620 vatikani
629 1566 811 1618 leveltarban.
840 1569 962 1636 Regesta
989 1567 1136 1620 Bullarum
1163 1568 1295 1622 Datariae
1318 1567 1436 1637 Eugenii
1455 1573 1501 1619 IV.

318 1643 414 1691 Annus
435 1644 493 1690 XV.
514 1638 598 1691 Liber
618 1646 687 1704 203,
710 1636 757 1690 fol.
777 1637 843 1700 42².)
950 1643 951 1646 ’

872 1911 955 1974 ΧΧ.

738 2076 832 2135 1446.
857 2079 1034 2155 augusztus
1061 2077 1088 2136 1.

318 2229 377 2293 IV.
403 2231 522 2312 Erpa
544 2234 636 2310 palpo
660 2252 680 2295 o
704 2232 824 2296 domo'sr'
848 2237 1071 2316 prc'postsdpot
1094 2255 1115 2297 a
1139 2233 1403 2298 Psilos-rcruluclr
1427 2233 1503 2296 odo-

818 2327 1007 2405 ordraporao.

426 2479 536 2563 Quum
560 2483 632 2546 clive
656 2485 809 2547 memorie
826 2484 1055 2567 Sigismundus
1079 2484 1301 2548 Romanorum
1324 2485 1502 2566 imperator

319 2592 356 2634 ac
389 2571 537 2653 Ungarie
570 2594 626 2635 rex
660 2573 807 2653 illustria,
839 2577 975 2639 obtenta
1008 2574 1141 2637 licentia
1164 2597 1183 2639 a
1209 2575 1283 2638 sede
1317 2575 1502 2657 apostolica,

320 2661 405 2742 quod
431 2661 558 2725 dilectis
581 2661 656 2726 filiis
680 2663 795 2727 abbati
812 2670 844 2727 et
863 2665 1024 2728 iratribus
1045 2665 1169 2728 ordinis
1188 2664 1434 2743 Montisoliveti,
1463 2672 1501 2728 ut

319 2750 534 2831 desiderabat,
568 2752 646 2815 dare
670 2759 703 2816 et
727 2753 874 2817 conferre
906 2760 1013 2836 posset
1042 2754 1209 2817 ecclesiam
1232 2763 1343 2819 sancte
1367 2754 1501 2836 Marga-

318 2841 382 2903 rite
406 2840 444 2903 de
469 2841 573 2904 Mesio
597 2839 674 2919 (sic)
698 2842 996 2925 Wesprimiensem,
1022 2865 1084 2926 que
1108 2865 1166 2926 per
1189 2845 1389 2926 prepositum
1412 2864 1501 2908 secu-

317 2931 419 2992 larem
452 2930 528 2994 olim
561 2931 738 3013 gubernari
772 2941 987 3013 consueverat,
1020 2934 1291 3016 preposituraque
1333 2955 1502 3015 nuncupa-

318 3021 427 3100 batur,
460 3026 492 3084 et
525 3029 597 3085 erat
629 3027 708 3084 tunc
743 3043 799 3103 per
831 3024 968 3087 liberam
1008 3024 1261 3105 resignationem
1296 3023 1407 3086 dilecti
1442 3023 1501 3086 filii

319 3107 440 3173 Sciridi
464 3111 503 3174 de
527 3108 673 3192 Senberg
698 3112 786 3176 illius
818 3113 975 3195 prepositi
1008 3114 1141 3176 realiter
1172 3135 1298 3191 vacans
1330 3113 1444 3176 abbati
1468 3120 1502 3175 et

318 3199 479 3264 fratribus
507 3201 664 3281 predictis
687 3222 745 3283 per
769 3224 821 3266 eos
844 3204 1020 3284 regendam
1044 3210 1077 3266 et
1102 3203 1347 3285 gubernandam
1371 3203 1405 3265 in
1428 3223 1502 3284 per-

318 3295 454 3370 petuum
485 3290 535 3352 vel
567 3291 609 3353 ad
642 3297 767 3354 certum
807 3299 944 3374 tempus,
985 3298 1022 3355 ut
1061 3295 1252 3375 accepimus,
1290 3299 1502 3371 concesserat,

317 3379 450 3460 ipseque
473 3379 575 3443 abbas
599 3385 631 3443 et
656 3381 775 3444 fratres
799 3382 908 3462 vigore
931 3383 1143 3446 concessionis
1168 3382 1354 3446 huiusmodi
1378 3382 1501 3445 dictam

319 3469 486 3532 ecclesiam
518 3470 667 3549 assecuti,
700 3470 854 3534 abbatem
886 3472 968 3536 inibi
1001 3473 1243 3536 constituerunt
1276 3479 1309 3535 et
1333 3471 1501 3535 abbatiam

319 3565 561 3640 nuncuparunt,
593 3581 630 3622 ac
664 3560 799 3623 eandem
823 3561 927 3624 eidem
950 3583 1008 3644 per
1031 3563 1128 3644 plura
1152 3568 1299 3644 tempora
1323 3567 1503 3624 tenuerunt

318 3653 351 3709 et
384 3648 613 3729 possederunt;
653 3650 880 3713 constantibus
918 3656 1028 3714 tamen
1061 3652 1095 3715 in
1128 3652 1197 3734 ipso
1230 3651 1368 3715 internis
1401 3673 1501 3733 regno

319 3735 465 3818 Ungarie
499 3739 625 3820 guerris
658 3745 691 3802 et
724 3740 796 3804 aliis
829 3741 969 3804 sinistris
1002 3741 1180 3820 eventibus
1214 3762 1338 3805 necnon
1367 3747 1501 3824 propter

318 3826 450 3890 aliunde
483 3827 626 3891 fratrum
658 3828 778 3893 abinde
817 3829 999 3894 absentiam
1031 3832 1128 3913 plura
1161 3853 1200 3894 cx
1232 3832 1308 3914 ipsis
1341 3831 1435 3895 bonis
1468 3838 1501 3894 et

318 3917 571 3997 possessionibus
596 3939 634 3980 ex
658 3919 735 4000 ipsis
758 3920 851 3983 bonis
875 3919 951 3998 (stc)
975 3921 1017 3984 ad
1042 3921 1144 4002 ipsam
1169 3922 1337 3985 ecclesiam
1353 3927 1501 4002 spectan-

319 4006 407 4068 tibus
439 4007 582 4071 alienata
615 4014 715 4090 atque
740 4010 907 4088 distracta,
932 4030 970 4072 ac
994 4011 1122 4074 demum
1155 4012 1243 4074 inter
1266 4010 1437 4074 nonnullos
1462 4010 1500 4072 de

319 4095 407 4158 dicta
431 4097 565 4161 ecclesia
589 4097 741 4179 illiusque
764 4100 1017 4180 possessionibus
1042 4105 1074 4162 et
1098 4101 1191 4164 bonis
1214 4099 1400 4164 huiusmodi
1426 4120 1500 4162 con-

319 4185 530 4249 tendentibus
562 4187 686 4251 diverse
719 4188 789 4251 rixe
822 4210 859 4251 ac
893 4189 1107 4253 discensiones
1131 4211 1168 4253 ac
1195 4190 1294 4254 etiam
1326 4187 1502 4252 homicidia

319 4275 492 4339 subsecuta
515 4276 585 4338 fore
609 4277 841 4356 dinoscuntur,
867 4280 953 4342 unde
977 4302 1017 4343 ne
1041 4280 1144 4360 ipsam
1168 4280 1334 4343 ecclesiam
1350 4278 1500 4359 deinceps

317 4363 439 4428 iniusto
463 4365 560 4428 titulo
584 4388 603 4428 a
628 4389 788 4448 quoquam
815 4369 955 4432 detineri
980 4370 1158 4449 contingat,
1185 4370 1350 4451 ipsiusque
1381 4389 1502 4449 posses-

319 4456 422 4518 siones
447 4461 479 4518 et
503 4455 587 4518 bona
611 4457 762 4520 manibus
786 4458 969 4521 subdentur
992 4458 1179 4534 laicalibus3
1213 4463 1341 4522 attento
1365 4457 1501 4522 nichilo-

317 4545 424 4608 minus
458 4544 514 4626 qui
539 4566 577 4607 ex
602 4565 641 4607 ex
666 4547 743 4627 quia
766 4545 843 4625 (sic)
865 4555 999 4629 propter
1032 4548 1222 4611 distantiam
1255 4548 1344 4611 locus
1376 4548 1443 4628 ipse
1467 4554 1501 4611 et
