3458 5494
326 421 390 480 210
821 423 1008 477 onrnvrtrnls

324 617 357 674 et
389 608 605 692 jurisjurandi
637 609 793 692 religione
825 607 956 673 firmata
989 609 1062 689 fuit,
1095 613 1194 692 prout
1227 607 1260 670 in
1285 607 1375 671 bulla
1409 629 1505 691 super

324 699 400 763 inde
424 700 571 762 confecta
594 699 681 762 clare
705 697 901 763 continetur.
925 698 1106 782 Hucusque
1129 699 1181 780 jus
1205 697 1443 779 Hungarieum.

431 790 478 852 Et
510 809 587 853 sane
620 789 700 852 adeo
732 794 898 852 servantes
930 787 1011 870 juris
1035 787 1130 852 istius
1154 786 1245 850 fuere
1268 785 1434 868 Hungari,
1468 795 1505 850 ut

324 879 447 942 nullam
472 899 616 960 unquam
640 878 903 960 praeventionem
928 875 1027 960 (quae
1051 878 1132 941 solet
1156 877 1190 940 irr
1206 875 1303 939 nudis
1326 877 1505 958 patronali-

323 968 384 1031 bus
417 970 581 1052 usurpari)
615 968 809 1032 admiserint
842 966 1031 1050 quinpotius
1055 966 1281 1031 ecclesiasticis
1304 965 1381 1031 licet
1403 966 1504 1030 rocla-

324 1057 491 1122 mantihus
515 1058 549 1120 in
572 1058 659 1140 leges
679 1057 862 1121 retulerint.
886 1055 1063 1120 Decretum
1082 1063 1109 1120 2.
1134 1055 1296 1120 Vladislai
1312 1057 1390 1118 anni
1409 1061 1503 1120 1492.

323 1153 384 1210 art.
420 1151 470 1211 31.
504 1147 589 1212 Tum
624 1148 680 1229 qui
713 1145 753 1210 ab
778 1146 851 1210 aliis
875 1167 972 1228 quam
997 1168 1017 1209 a
1040 1167 1115 1228 rege
1140 1145 1333 1210 beneficium
1356 1146 1503 1210 ecclesia-

323 1237 441 1300 sticum
464 1238 661 1320 procurarit,
684 1235 718 1300 in
742 1235 924 1320 profluente
947 1235 1210 1318 demergendum.
1235 1233 1410 1317 Quocirca
1427 1258 1504 1300 usus

323 1327 356 1389 iu
381 1325 557 1408 Hungaria
580 1325 733 1406 obtinuit,
758 1333 795 1390 ut
813 1347 910 1409 quam
926 1326 1069 1408 primum
1086 1325 1177 1407 regia
1194 1325 1345 1406 majestas
1361 1324 1502 1408 aliquem

324 1416 509 1499 episcopum
533 1415 690 1495 nominat,
714 1437 753 1479 ea
776 1415 906 1498 quidem
932 1437 1015 1498 quae
1039 1415 1163 1478 ordinis
1187 1420 1272 1494 sunt,
1296 1413 1385 1478 nullo
1409 1415 1503 1480 modo

322 1505 475 1588 attingat,
508 1527 593 1587 quae
626 1512 735 1569 tamen
760 1505 802 1569 ad
824 1505 1084 1586 jurisdictionem
1108 1510 1265 1587 spectant,
1298 1504 1408 1568 omnia
1431 1525 1503 1568 exe-

324 1601 454 1677 quatur.
478 1595 564 1660 Nam
589 1594 747 1659 beneficia
770 1595 906 1671 confert,
929 1595 1055 1660 reditus
1078 1595 1226 1678 percipit,
1251 1592 1368 1658 habitu
1385 1593 1503 1676 episco-

322 1685 388 1767 pali
412 1687 528 1765 utitur,
561 1684 603 1748 ab
627 1685 778 1750 omnibus
802 1685 923 1748 electus
947 1685 1114 1767 episcopus
1138 1683 1302 1762 scribitur,
1336 1683 1441 1747 locum
1465 1706 1503 1748 ac

322 1775 468 1838 ordinem
492 1775 527 1838 in
549 1774 689 1838 sedendo
722 1781 755 1838 et
788 1774 960 1838 sententiis
992 1773 1146 1854 dicendis,
1179 1774 1264 1837 sicut
1296 1773 1329 1836 in
1363 1773 1503 1837 comitiis

323 1865 425 1946 regni,
449 1866 494 1928 sic
518 1870 551 1928 et
567 1865 600 1926 in
625 1865 754 1946 synodis
777 1871 893 1928 servat.
918 1863 984 1927 Per
1007 1865 1146 1929 abusum
1170 1884 1244 1926 vero
1268 1883 1501 1945 nonnunquam

323 1954 453 2035 accidit,
477 1960 515 2017 ut
539 1954 790 2018 consecrationis
814 1952 955 2035 gratiam
979 1975 999 2016 a
1022 1954 1096 2017 sede
1120 1952 1297 2034 apostolica
1320 1973 1384 2015 non
1409 1953 1503 2016 modo

325 2043 432 2108 tribus
457 2044 621 2108 mensibus
645 2043 700 2107 sed
725 2043 898 2126 nequidem
923 2042 1031 2106 tribus
1055 2042 1148 2106 annis
1171 2041 1355 2124 procurent.

429 2133 492 2197 His
525 2133 710 2215 praemissis
743 2153 814 2196 mea
856 2133 889 2196 in
923 2132 984 2195 hac
1016 2153 1051 2194 re
1084 2132 1247 2195 sententia
1279 2133 1313 2194 in
1346 2130 1396 2194 his
1429 2151 1502 2195 con-

321 2223 417 2286 sistit.
442 2223 561 2286 Primo.
597 2222 767 2287 Praelatos
798 2222 992 2303 Hungariae
1018 2242 1075 2284 nec
1100 2242 1192 2304 posse
1215 2241 1274 2284 nec
1297 2221 1415 2285 debere
1439 2223 1502 2284 usi-

322 2321 430 2376 tatum
454 2313 608 2394 loquendi
633 2312 763 2375 modurn
783 2311 968 2390 immutare,
992 2312 1048 2376 sed
1071 2311 1160 2392 loqui
1184 2309 1300 2374 debere
1324 2315 1361 2373 ut
1385 2311 1503 2391 plures,

321 2402 485 2480 nimirum,
517 2401 604 2483 quod
629 2423 687 2465 rex
710 2401 904 2483 Hungariae
928 2401 992 2480 det,
1026 2401 1133 2480 donet,
1158 2400 1306 2464 conferat
1329 2398 1502 2465 beneficia:

321 2491 407 2554 ratio
431 2497 488 2571 est,
512 2511 587 2554 nam
611 2491 697 2573 leges
718 2491 912 2572 Hungariae
928 2491 1074 2554 oriminis
1090 2491 1196 2554 laesae
1213 2489 1393 2571 majestatis
1410 2511 1501 2552 reum

323 2581 456 2659 fuciunt,
488 2581 545 2662 qui
577 2588 691 2645 contra
723 2581 890 2664 publicum
923 2587 1046 2643 statum
1081 2580 1172 2662 regni
1197 2599 1264 2642 sese
1288 2579 1394 2660 erigit.
1419 2577 1500 2642 Cum

321 2669 425 2752 igitur
447 2671 614 2753 publicum
640 2673 732 2754 regni
755 2677 919 2734 statutum
942 2671 994 2747 sit,
1028 2691 1136 2752 regem
1166 2669 1313 2732 conferre
1336 2667 1501 2746 beneficia,

320 2782 482 2824 summum
514 2760 701 2842 pontificem
735 2767 864 2824 tantum
899 2759 1020 2823 habere
1052 2761 1104 2842 jus
1144 2756 1375 2840 confirmandi,
1415 2769 1502 2821 certe

322 2850 408 2913 hisce
431 2850 621 2932 periculosis
646 2850 847 2932 temporibus
870 2849 904 2912 in
929 2871 1090 2914 summum
1121 2848 1294 2912 discrimen
1326 2847 1502 2910 adducere-

321 2948 385 3018 tur,
409 2940 466 3021 qui
490 2961 509 3003 a
533 2940 635 3004 reteri
659 2947 691 3003 et
715 2947 846 3022 recepta
868 2938 1023 3021 loquendi
1047 2939 1187 3002 formula
1211 2937 1386 3001 recederet.
1411 2935 1503 3019 Quae

321 3051 418 3092 causa
441 3029 515 3108 fuit,
549 3051 607 3094 our
630 3029 770 3110 praelati
794 3028 998 3112 Hungariae,
1027 3027 1105 3092 dum
1128 3049 1194 3091 una
1218 3026 1315 3090 simul
1338 3033 1445 3090 essent
1468 3027 1501 3089 iu

321 3119 441 3199 synodo
465 3119 656 3201 provinciali
685 3119 877 3201 Tyrna'viae,
910 3118 992 3182 nihil
1025 3117 1058 3180 in
1084 3117 1145 3180 hac
1168 3137 1203 3180 re
1227 3117 1387 3180 sentirent
1411 3117 1501 3179 inno-

320 3208 470 3272 vandum.
496 3209 653 3274 Secundo.
678 3208 789 3272 Rebus
813 3210 861 3272 ita
884 3229 917 3271 se
933 3207 1142 3286 habentibus,
1165 3212 1264 3289 prout
1280 3211 1421 3287 quatuor
1438 3206 1502 3269 illis

321 3297 504 3362 rationibus
528 3300 561 3362 in
585 3297 657 3380 jure
677 3299 827 3379 allegatis
843 3297 996 3376 refertur,
1020 3297 1177 3359 nimirum
1194 3294 1280 3378 quod
1297 3316 1388 3377 reges
1404 3294 1501 3358 Hun-

321 3388 431 3467 gariae
454 3388 488 3450 11
512 3388 617 3470 prima
642 3388 850 3452 ecclesiarum
874 3387 1068 3452 fundatione
1091 3387 1125 3449 in
1150 3393 1282 3468 pactum
1307 3385 1502 3449 deduxerint

319 3478 370 3558 jus
397 3473 593 3556 'collationis
626 3478 711 3559 quod
745 3483 877 3540 sanctus
910 3475 1098 3558 Stephanus
1130 3481 1215 3539 nutu
1246 3473 1409 3556 pontificis
1442 3475 1501 3539 hoc

319 3568 391 3648 jure
416 3589 493 3630 usus
517 3567 568 3645 sit,
592 3568 679 3648 quod
702 3588 760 3649 per
783 3587 885 3630 annos
909 3571 1076 3630 sexcentos
1096 3567 1129 3628 in
1146 3564 1282 3646 pacifica
1305 3565 1500 3647 possessione

320 3657 454 3735 fuerint,
489 3657 574 3738 quod
601 3657 769 3720 Martinus
792 3655 833 3722 V.
858 3655 949 3720 bulla
980 3657 1092 3738 jurata
1114 3655 1174 3717 hoo
1198 3655 1403 3737 privilegium
1428 3675 1501 3717 cou-

319 3745 471 3808 firmavit.
505 3745 616 3809 Rebus
649 3746 784 3827 inquam
822 3746 871 3808 111
909 3767 942 3809 se
981 3743 1180 3808 habentibus
1212 3745 1342 3808 omnino
1374 3750 1499 3807 certum

320 3841 368 3898 est
392 3856 483 3918 reges
507 3835 702 3918 Hungariac
725 3857 789 3898 non
813 3840 943 3899 tantum
974 3841 1011 3898 ut
1035 3840 1180 3898 caeteros
1203 3841 1356 3916 patronos
1381 3832 1501 3896 habere

319 3927 370 4006 jus
402 3927 641 4006 praesentandi,
675 3925 730 3989 sed
764 3925 863 3988 111111
898 3924 1037 4005 eligendi
1062 3944 1099 3987 ac
1124 3921 1311 3987 conferendi
1335 3922 1500 3987 beneficia.

320 4015 366 4076 111
400 4016 547 4096 quamvis
579 4016 711 4079 archiva
745 4034 858 4095 regum
893 4012 1088 4095 Hungariae
1121 4013 1287 4095 perierint,
1322 4035 1357 4076 eo
1391 4020 1499 4075 tamen

320 4112 471 4186 tempore,
496 4126 559 4186 quo
582 4106 635 4168 lex
659 4105 715 4168 illa
739 4103 954 4182 scribebatur,
978 4102 1162 4182 exstabant,
1188 4102 1345 4185 bullaque
1368 4123 1405 4166 ac
1430 4123 1499 4166 oae-

320 4202 390 4256 tera
414 4195 617 4274 documenta,
642 4215 726 4276 quae
749 4194 814 4258 illis
830 4194 1013 4257 rationibus
1030 4198 1249 4273 assumuntur,
1273 4192 1388 4256 haberi
1411 4197 1500 4274 pote·

319 4289 403 4345 rant.
428 4285 497 4348 Nec
521 4290 629 4366 potest
645 4284 824 4366 prudenter
840 4284 874 4346 in
890 4281 1027 4347 dubium
1051 4281 1167 4361 vocari,
1192 4304 1234 4346 an
1258 4303 1304 4362 ea,
1328 4303 1411 4364 quae
1435 4281 1499 4344 illis

320 4380 462 4454 quatuor
486 4374 669 4438 rationibus
694 4379 914 4451 assumuntur,
950 4394 1023 4436 vera
1046 4371 1113 4435 sint
1136 4392 1195 4435 nec
1219 4371 1284 4436 ne?
1317 4373 1344 4435 si
1369 4370 1500 4454 quidem

320 4463 358 4524 iis
383 4463 584 4545 temporibus
607 4464 659 4526 lex
682 4463 739 4526 1111
764 4464 946 4546 conscripta
966 4463 1040 4542 iuit,
1056 4461 1175 4543 quibus
1200 4462 1290 4526 nulla
1314 4468 1385 4526 erat
1409 4481 1500 4524 exor-

320 4561 425 4616 tarum
461 4575 564 4636 nuper
597 4551 745 4635 suspicio,
778 4575 904 4617 summa
937 4559 1009 4618 erat
1041 4551 1280 4634 Hungarorum
1318 4552 1352 4615 in
1392 4550 1500 4614 sedem
