3472 5494
308 388 375 474 292
613 423 615 430 ·
769 440 771 444 .
799 399 997 472 Γοιςιιςνίῑιπὲιι
1069 439 1073 446 .
1110 441 1115 470 ,

400 579 441 632 ι,4
461 580 569 646 repeat
593 583 619 637 S.
641 580 851 648 congregationi
881 581 1066 646 consistoriali
1094 597 1144 650 pro
1163 585 1276 638 Andrea
1294 586 1377 652 Illyes
1405 590 1494 640 nomi·

307 650 373 732 nato
402 651 774 732 episeopo„Transylvaniae
795 668 810 703 a
833 668 911 704 sacra
939 664 1066 710 caesarca
1096 657 1304 712 maiestateuti
1326 663 1400 723 rege
1416 661 1493 740 ῌιιῃ-

307 737 409 788 garrae.
693 753 694 758 =
821 745 823 750 ’

416 869 449 926 (Α
469 865 653 933 Conpregatio
673 843 876 920 consistorialis
895 869 1106 930 levelttraban.)

833 1237 970 1336 oliuu.
1045 1294 1047 1302 .
1112 1241 1114 1248 ’

676 1420 679 1424 -
748 1355 1061 1481 iumentario.

309 1556 369 1620 XI.
393 1557 549 1623 Keleraee
570 1561 662 1638 pcipe
679 1556 884 1641 joodllopyjo
903 1535 1097 1640 'Keresatelp
1121 1543 1221 1641 Aponi
1237 1559 1332 1642 pistre?
1348 1559 1494 1640 prepol-

309 1647 373 1709 acl·
398 1667 438 1710 αἱ
462 1647 648 1728 craterpolai
672 1647 762 1712 asel
786 1649 884 1727 molle,
910 1648 1050 1712 rltodlctsi
1063 1649 1173 1732 joppol
1190 1648 1404 1730 toodjutolrri
1429 1654 1479 1712 τόν

650 1740 720 1799 te'et
744 1737 870 1820 tiralpt
895 1737 1146 1804 litteratoria.
1190 1776 1193 1783 -
1236 1779 1241 1786 -

416 1895 614 1961 Charissimo
646 1900 680 1962 in
713 1897 846 1963 Christo
877 1898 944 1963 filio
978 1907 1088 1963 nostro
1112 1899 1276 1982 Leopoldo
1300 1897 1494 1979 Hungariae

309 1991 342 2048 et
367 1987 542 2051 Bohemiae
574 1989 643 2070 regi
672 1989 802 2068 illustri,
825 1990 859 2052 in
883 1989 1106 2053 Romanorum
1129 1991 1358 2070 imperatorem
1383 1988 1493 2051 electo.

685 2205 1028 2302 OlemenS'Papa
1052 2219 1117 2284 XI.

418 2361 614 2428 Charissime
638 2365 673 2426 in
693 2361 824 2428 Christo
848 2363 895 2426 lili
919 2369 1028 2428 noster
1052 2363 1191 2426 salutem
1214 2368 1274 2426 etc.
1300 2362 1394 2426 Tunc
1417 2384 1494 2430 sane

310 2452 375 2514 voti
399 2453 502 2516 nostri
525 2460 688 2534 compotes
712 2452 880 2532 efficimur,
905 2473 979 2516 curn
1003 2453 1097 2516 nobis
1116 2452 1216 2516 datur
1233 2452 1494 2534 magnitudinem

310 2541 553 2605 benevolentiae
569 2550 700 2608 nostrae
716 2543 840 2608 illustri
858 2543 969 2625 aliquo
994 2543 1187 2606 documento
1209 2541 1373 2624 explicare
1396 2542 1494 2606 maie-

310 2631 389 2694 stati
413 2639 499 2709 tuae,
523 2652 621 2712 quam
645 2653 702 2696 nos
726 2639 796 2696 tum
820 2633 860 2696 ob
886 2633 1060 2714 dignitatis
1082 2631 1340 2714 amplitudinem.
1366 2639 1435 2694 tum
1454 2632 1494 2696 ob

309 2721 428 2784 eximia
461 2727 652 2788 ornamenta
682 2723 846 2786 virtutum
885 2728 1033 2786 amanter
1071 2742 1204 2804 prorsus
1241 2721 1494 2802 complectimur.

309 2809 443 2876 Libenti
467 2811 580 2894 itaque
596 2812 712 2874 animo
730 2812 946 2894 petitionibus
963 2833 1001 2874 ac
1018 2810 1232 2876 nominationi
1249 2816 1325 2874 tuae
1349 2832 1494 2875 annuen-

309 2907 359 2963 tes
392 2900 608 2964 venerabilem
640 2902 777 2965 fratrem
817 2901 1042 2968 Christianum
1082 2899 1274 2982 Augustum
1310 2897 1494 2983 episcopum

309 2989 520 3053 Jauriensem
553 2990 780 3072 deputavimus
812 2992 847 3056 in
880 2991 1100 3054 coadiutorem
1134 3012 1207 3054 oum
1231 2990 1347 3054 futura
1370 3010 1493 3056 sucees-

310 3081 398 3142 sione
431 3079 549 3143 dilecto
582 3079 648 3144 filio
682 3087 792 3144 nostro
825 3080 989 3162 Leopoldo
1019 3080 1181 3144 cardinali
1214 3100 1233 3144 a
1267 3079 1423 3145 Kolonitz
1460 3079 1495 3141 in

310 3168 443 3232 ecclesia
468 3167 693 3251 Strigoniensi‚
718 3170 990 3254 quemadmodum
1013 3169 1119 3234 fusius
1143 3189 1183 3233 ex
1199 3169 1375 3250 diplomate
1399 3189 1495 3250 super

311 3258 370 3321 hoc
402 3257 553 3340 expedito
585 3259 756 3342 intelliges,
785 3261 851 3324 rati
875 3259 1011 3348 dignum
1035 3279 1102 3322 esse
1126 3259 1285 3342 singulari
1309 3257 1495 3340 pontificiae

311 3348 489 3412 voluntatis
517 3349 703 3413 testimonio
735 3349 916 3431 praesulem
948 3349 1049 3428 illum,
1082 3350 1139 3412 oui
1167 3349 1371 3432 praeclarum
1401 3353 1494 3412 tuum

310 3437 468 3500 iudicium
492 3433 561 3502 tam
585 3439 715 3503 abunde
738 3437 949 3520 suffragatur,
974 3445 1007 3502 et
1030 3438 1166 3520 insignis
1189 3437 1278 3501 illius
1302 3459 1360 3518 pro
1384 3437 1495 3500 catho-

310 3527 374 3591 lica
405 3526 469 3591 fide
502 3528 588 3591 zelus
621 3533 751 3592 tantum
784 3528 891 3592 laudis
924 3548 962 3590 ao
990 3529 1098 3592 meriti
1126 3528 1214 3609 apud
1239 3527 1323 3592 hane
1347 3533 1495 3590 sanctam

310 3616 418 3680 sedem
442 3618 644 3695 conciliavit3
679 3639 743 3680 non
776 3618 932 3682 minorem
966 3617 1067 3681 animi
1095 3617 1339 3700 propensionem
1364 3617 1397 3678 in
1422 3615 1495 3678 aliis

312 3727 396 3788 quae
428 3713 603 3789 suppetent
635 3708 857 3772 occasionibus
891 3707 1086 3789 explicaturi
1122 3707 1286 3770 maiestati
1319 3712 1405 3784 tuae,
1442 3705 1495 3768 cui

311 3796 490 3878 propitium
522 3796 750 3879 faventemque
779 3797 886 3860 Deum
910 3803 1131 3879 apprecantea
1165 3795 1374 3879 apostolicam
1397 3795 1495 3859 bene·

311 3887 485 4037 dictio7nem
510 3887 732 3950 amantissime
755 3888 970 3970 impertimur.
994 3886 1119 3950 Datum
1143 3886 1267 3950 Romae
1292 3888 1342 3948 29.
1367 3884 1392 3947 J
1394 3905 1494 3947 anua-

312 3976 353 4038 rii
379 3982 394 4039 l
423 3981 474 4040 01.
1005 3997 1008 4002 ·

312 4210 336 4256 A
380 4203 385 4214 1
406 4136 461 4256 Illis
477 4133 608 4265 lvatilrpni
636 4135 818 4200 leveltarban.
844 4133 997 4200 *Clementis
1026 4137 1075 4188 XI.
1103 4132 1245 4200 Epistolae
1276 4136 1312 4184 ad
1344 4130 1495 4197 Principes,

338 4221 387 4255 nni
422 4244 427 4256 .
460 4221 495 4256 o.
515 4212 557 4256 49.
