3454 5492
311 449 352 512 94
806 448 991 504 onnsvtmln

312 641 489 708 salubriter
512 641 707 720 conservari,
730 640 763 704 iu
789 659 852 721 quo
876 659 944 710 rem
968 635 1038 700 Deo
1062 641 1239 717 acceptam,
1262 638 1295 697 et
1318 637 1375 696 tue
1396 629 1495 695 maie·

312 732 392 797 stati
425 732 566 814 dignam,
609 730 702 796 nobis
734 751 809 794 vero
842 727 1020 810 plurimum
1054 730 1183 807 gratam
1220 723 1328 788 iacies
1370 721 1495 785 Datum

311 823 423 901 Rome,
463 823 614 905 vigesimo
653 819 878 903 Septembris,
903 837 987 881 anno
1027 815 1196 880 millesimo
1235 811 1494 895 quingentesimo

313 913 474 996 vigesimo.

367 1142 372 1153 .
395 1067 530 1194 filiberti:
559 1067 705 1124 carissimo
734 1068 763 1119 in
786 1065 895 1120 christo
915 1065 972 1118 filio
992 1063 1135 1118 liudovico
1154 1061 1298 1133 Hungerie
1317 1064 1346 1116 et
1365 1059 1496 1114 Bohemie

313 1159 559 1212 reg11usr1...

420 1287 509 1346 (1520.
529 1283 690 1336 deozernber
709 1281 822 1335 3l·iken
841 1283 948 1334 kesziilt
967 1281 1072 1336 atinate
1091 1277 1330 1334 essent-martem
1350 1276 1497 1344 idapatsag

313 1355 504 1409 leveltriraban
523 1363 566 1408 40.
585 1359 680 1424 Capsa,
701 1357 743 1417 L.)

822 1652 997 1718 LXXIII.
1009 1680 1010 1683 ¹

755 1819 850 1879 1527.
874 1815 992 1897 januar
1018 1819 1068 1878 18.

317 1977 425 2042 ,sonos
459 1976 570 2059 kirtly
602 1976 768 2056 elrendeli,
800 1977 884 2060 boqy
908 1997 928 2041 o
954 1974 1241 2042 Pannonbobudn
1274 1975 1501 2059 cauteriando

319 2066 417 2132 rendi
440 2067 594 2151 qyble‘sen
619 2085 659 2132 uz
682 2074 784 2131 deseos
799 2066 931 2132 bencre‘s
947 2066 1124 2150 sparsoque
1142 2065 1222 2148 fejei
1238 2063 1499 2149 meqjelenjeneh

317 2160 349 2222 e's
373 2178 393 2222 o
417 2157 622 2238 tetranepos
645 2155 853 2222 cissaoelcselc
877 2157 1177 2240 meqszsoare‘se‘rol
1201 2155 1499 2221 consenescat.

425 2318 450 2383 J
452 2319 595 2384 ohannes
627 2319 690 2383 Dei
723 2321 835 2403 gracia
867 2341 925 2382 rex
948 2319 1130 2402 Hungarie‚
1155 2317 1333 2397 Dalmacie,
1357 2315 1500 2396 Oroacie,

320 2416 380 2474 etc.
413 2409 585 2474 Fidelibus
619 2410 739 2474 nostris
772 2411 931 2474 universis
964 2415 997 2472 et
1029 2409 1165 2491 singulis
1199 2407 1384 2488 abbatibus,
1411 2408 1500 2471 intra

319 2499 481 2565 ambitum
506 2499 600 2582 regni
623 2500 726 2563 nostri
749 2499 847 2563 huius
871 2498 978 2564 ubivis
1007 2499 1195 2562 constitutis
1220 2503 1253 2562 et
1276 2497 1500 2576 existentibus,

320 2609 445 2654 necnon
463 2589 640 2653 earundem
656 2588 866 2654 abbatiarum
880 2588 1198 2653 commendatoribus
1213 2593 1315 2670 atque
1327 2587 1500 2672 prioribus,

319 2679 466 2763 proprios
490 2679 627 2744 abbates
650 2701 715 2744 non
739 2677 945 2760 habentibus
969 2679 1109 2743 salutem
1133 2685 1166 2742 et
1185 2679 1337 2761 graciam.
1354 2677 1437 2744 Cum
1461 2677 1501 2740 de

320 2770 458 2852 antiqua
490 2768 733 2849 consuetudine,
767 2790 806 2832 ex
830 2773 1017 2832 sanctorum
1049 2773 1182 2851 patrum
1208 2767 1501 2833 constitucionibus

321 2859 361 2924 de
385 2859 527 2923 triennio
559 2859 593 2922 in
626 2858 814 2938 triennium,
846 2859 936 2924 vobis
970 2864 1003 2922 et
1035 2858 1083 2922 illi
1112 2859 1294 2940 capitulum
1316 2880 1374 2941 per
1397 2863 1501 2922 totam

320 2949 596 3013 christianitatem
610 2949 768 3013 celebrari
785 2948 918 3013 solitum
934 2949 1062 3030 existat,
1079 2949 1364 3031 intelleximusque
1381 2948 1501 3012 multas

321 3045 354 3104 et
379 3039 510 3122 quidem
533 3039 641 3103 varias
665 3039 876 3104 enormitates
900 3045 999 3121 atque
1024 3039 1110 3103 mala
1134 3039 1296 3121 quottidie
1320 3040 1354 3102 in
1378 3037 1501 3118 ordine,

321 3135 455 3213 propter
487 3130 648 3192 incuriam
672 3135 705 3194 et
728 3129 964 3212 negligenciam
997 3128 1165 3210 abbatum,
1189 3127 1260 3192 fieri
1285 3134 1317 3192 et
1341 3129 1502 3209 exerceri,

322 3219 362 3283 ob
395 3219 455 3283 hoc
487 3218 631 3283 volentes
670 3224 795 3283 statum
827 3219 950 3282 ordinis
983 3219 1081 3282 vestri
1114 3219 1149 3282 in
1182 3219 1297 3283 melius
1330 3219 1502 3283 reformari

322 3309 429 3374 iacere
453 3313 486 3374 et
509 3309 716 3375 observancie
740 3309 883 3391 regulari
908 3307 1032 3374 salubri
1056 3309 1188 3373 oonsilio
1205 3309 1368 3390 reducere,
1385 3309 1503 3372 statui-

322 3421 394 3464 mus
427 3398 608 3481 capitulum
640 3399 674 3462 in
707 3398 904 3464 monasterio
943 3399 1048 3463 sancti
1081 3399 1222 3462 Martini
1261 3399 1346 3462 sacri
1384 3399 1503 3462 montis

323 3489 501 3569 Pannonie,
533 3495 631 3572 prout
664 3487 765 3552 eciam
789 3487 878 3552 fideli
902 3494 1012 3553 nostro
1036 3487 1212 3552 reverendo
1235 3488 1334 3551 fratri
1357 3488 1503 3568 Matheo,

323 3577 530 3644 archiabbati
554 3578 698 3643 eiusdem
721 3577 920 3658 monasterii,
944 3578 1061 3643 exinde
1084 3580 1118 3642 in
1141 3577 1215 3642 aliis
1238 3577 1359 3643 litteris
1383 3579 1504 3642 nostris

323 3691 381 3752 per
405 3669 609 3733 maiestatem
641 3673 789 3733 nostram
814 3670 1019 3733 commissum
1042 3676 1100 3750 est,
1125 3674 1163 3732 ut
1185 3668 1283 3731 huius
1306 3669 1394 3732 modi
1418 3669 1504 3751 capi·

324 3758 432 3822 tulum
464 3758 655 3836 celebretur,
688 3765 820 3822 namet
845 3758 1130 3823 reverendissimus
1164 3758 1313 3823 dominus
1345 3759 1505 3841 archiepi-

325 3869 439 3932 scopus
453 3849 584 3912 ecclesie
601 3845 835 3931 Strigoniensis
850 3849 892 3913 ad
909 3848 1095 3914 huiusmodi
1112 3849 1292 3931 capitulum
1305 3848 1505 3913 uenerabiles

324 3938 470 4002 dominos
508 3938 682 4020 magistros
715 3937 925 4002 Anthonium
957 3939 1095 4022 Kayary
1128 3938 1323 4004 Nittriensis
1356 3945 1388 4002 et
1420 3940 1505 4004 vica·
1600 3939 1603 3957 ⁴

325 4029 412 4092 rium
436 4026 669 4112 Strigoniensis
685 4050 723 4092 ac
739 4028 888 4092 Blasium
912 4027 1077 4093 doctorem
1093 4028 1118 4093 J
1120 4030 1279 4094 auriensis
1295 4028 1504 4092 ecclesiarum

327 4119 496 4182 canonicos
529 4124 562 4182 et
595 4117 848 4197 archidiaconos,
882 4119 932 4181 vel
965 4119 1080 4183 saltem
1105 4141 1207 4182 unum
1231 4141 1269 4182 ex
1294 4119 1349 4199 eis,
1372 4123 1506 4201 propter

326 4213 432 4271 certas
456 4229 569 4271 causas
593 4214 626 4272 et
650 4207 853 4273 condiciones
866 4207 988 4272 ibidem
1004 4208 1216 4273 declarandas
1232 4215 1265 4272 et
1282 4207 1506 4290 expediendas,

327 4297 458 4361 mittere
482 4297 626 4362 habebit.
650 4295 761 4381 Quare
784 4298 931 4362 volumus
955 4304 988 4362 et
1011 4298 1226 4363 fidelitatibus
1251 4299 1365 4363 vestris
1389 4299 1506 4362 harum

328 4388 410 4452 serie
433 4386 615 4452 firmissime
639 4389 873 4452 committimus
890 4394 922 4452 et
938 4392 1139 4470 mandamus,
1165 4387 1255 4453 aliud
1272 4389 1306 4451 in
1322 4388 1382 4452 hoc
1399 4388 1506 4452 facere

327 4478 481 4558 nolentes,
506 4477 662 4560 quatinus
686 4478 827 4560 acceptis
851 4481 1066 4561 presentibus
1079 4479 1123 4544 ad
1138 4478 1322 4562 predictum
1346 4484 1506 4544 monaste-

328 4569 422 4650 rium,
445 4569 538 4632 iuxta
562 4569 817 4633 commissionem
840 4573 873 4632 et
897 4571 1144 4652 requisioionem
1177 4569 1363 4633 litterarum
1387 4569 1506 4654 prefati
