3454 5492
324 423 364 484 98
820 429 1007 484 onnsvtnrln

321 639 445 700 semper
470 618 610 700 augusti,
635 618 772 684 infantis
793 618 1040 702 Hispaniarum,
1064 619 1249 684 archiducis
1274 615 1421 699 Austrie,
1445 623 1504 682 etc.

308 708 444 772 domini
476 710 579 773 nostri
611 709 863 789 clementissimi,
902 710 1041 774 eundem
1069 716 1196 792 patrem
1228 710 1432 789 Michaelem,
1464 709 1504 773 ob

305 798 551 881 ,premissorum
576 819 706 864 suorum
731 799 885 863 meritum
909 800 1035 863 intuitu
1058 808 1091 864 et
1115 799 1384 880 consideracione,
1404 799 1505 862 omni-

321 889 381 952 bus
405 888 593 952 melioribus
618 889 721 968 modo,
745 888 807 969 via,
840 889 911 953 iure
935 895 968 952 et
991 888 1103 968 forma,
1133 889 1252 972 quibus
1278 889 1449 958 debuimus
1473 897 1506 951 ct

321 979 495 1060 potuimus,
528 979 679 1043 invocata
711 979 802 1062 prius
827 1000 886 1062 per
910 1001 967 1042 nos
990 979 1125 1061 spiritus
1149 981 1254 1044 sancti
1288 979 1406 1060 gracia,
1440 999 1505 1042 ser-

321 1069 404 1131 vatis
438 1068 477 1132 de
509 1069 581 1132 iure
614 1069 648 1132 in
681 1068 742 1133 hac
774 1075 868 1151 parte
901 1070 1021 1133 nostris
1054 1069 1227 1149 servandis,
1266 1070 1349 1149 odio,
1387 1088 1504 1147 amore,

322 1157 446 1238 timore,
479 1179 574 1240 prece
597 1165 630 1222 et
654 1159 762 1240 precio
786 1181 824 1223 ac
847 1159 996 1241 qualibet
1028 1159 1205 1225 simoniaca
1232 1160 1396 1241 pravitate
1418 1163 1504 1240 post-

320 1247 443 1330 positis,
474 1249 579 1312 solum
592 1247 710 1312 'Deum
734 1253 767 1312 et
791 1248 860 1312 eius
884 1249 1056 1329 iustitiam,
1089 1249 1336 1331 regularemque
1360 1255 1505 1312 nostram

320 1337 591 1402 constitucionem
613 1359 670 1421 pre
694 1339 794 1402 oculis
818 1338 984 1420 habentes,
1016 1361 1089 1402 cum
1112 1339 1252 1414 solenni,
1286 1336 1505 1403 irrevocabili-

321 1427 383 1510 que
411 1425 634 1496 nominacione
666 1429 700 1491 in
732 1429 915 1511 legitimum
948 1428 1102 1493 abbatem
1136 1435 1168 1492 et
1200 1434 1363 1512 pastorem
1402 1428 1504 1492 nostri

320 1519 509 1582 monasterii
542 1539 581 1580 ex
614 1539 700 1582 nunc
733 1540 806 1582 cum
838 1518 1044 1601 plenitudine
1077 1519 1158 1582 iuris
1187 1519 1292 1583 nostri
1315 1516 1505 1582 monasterii

321 1607 475 1689 elegimus
499 1615 532 1672 et
556 1609 795 1688 constituimus
827 1608 891 1671 imo
924 1609 1082 1690 eligimus,
1115 1609 1320 1674 nominamus
1348 1613 1381 1672 et
1405 1608 1504 1690 depu-

321 1703 437 1778 tamus,
477 1697 593 1762 dantes
626 1704 659 1762 et
692 1697 807 1763 damus
839 1697 943 1761 eidem
976 1698 1022 1762 sic
1054 1699 1208 1763 canonice
1241 1704 1274 1762 et
1307 1697 1504 1780 regulariter

320 1789 424 1851 electo
446 1793 479 1851 ct
503 1788 683 1852 constituto
706 1789 742 1852 in
765 1787 916 1852 omnibus
940 1788 1133 1869 redditibus,
1167 1787 1386 1871 proventibus
1419 1809 1503 1851 emo-

320 1878 473 1941 lumentis
498 1883 530 1941 et
555 1878 756 1959 quibuslibet
782 1878 992 1960 pertinenciis
1024 1879 1126 1961 ipsius
1159 1878 1296 1943 abbacie
1328 1884 1361 1941 et
1395 1899 1503 1940 mona-

321 1967 412 2032 sterii
446 1968 645 2050 corporalem
678 1989 715 2032 ac
748 1969 868 2032 realem
902 1969 1150 2050 possessionem,
1185 1970 1233 2032 ita
1266 1974 1385 2048 tamen,
1418 1967 1503 2049 quod

320 2063 455 2136 statuta,
489 2057 740 2122 constituciones
773 2063 806 2120 et
839 2058 1062 2122 ordinaciones
1096 2059 1221 2122 tamin
1246 2057 1373 2138 divinis,
1406 2079 1504 2140 quam

320 2148 554 2229 temporalibus
578 2149 682 2212 nostri
705 2149 895 2212 monasterii
918 2148 1090 2231 legitimas,
1114 2149 1252 2230 iuraque
1276 2153 1309 2211 et
1333 2147 1503 2212 libertates

320 2237 512 2317 observabit,
550 2237 710 2318 defendet,
734 2243 768 2301 et
790 2238 1017 2302 manutenebit
1041 2257 1099 2320 pro
1125 2259 1215 2320 posse
1248 2259 1314 2318 suo,
1347 2258 1386 2302 ac
1421 2236 1504 2300 male

321 2327 464 2390 alienata
487 2349 506 2391 a
531 2333 642 2390 nostro
675 2329 870 2392 monasterio
892 2328 934 2391 ad
954 2325 1007 2392 ius
1031 2335 1064 2391 et
1088 2329 1335 2411 prioprietatem
1360 2326 1503 2390 eiusdem

320 2416 454 2480 reducet
487 2425 519 2481 et
552 2417 706 2482 reducere
738 2417 938 2500 procurabit,
970 2424 1003 2481 et
1037 2417 1124 2499 quod
1147 2417 1215 2481 vita
1239 2439 1298 2480 sua
1321 2417 1439 2480 comite
1463 2416 1502 2478 de

320 2527 499 2570 successore
523 2529 581 2570 suo
605 2507 719 2571 idoneo
743 2513 776 2571 et
799 2507 911 2587 habili,
940 2527 979 2569 nc
1003 2513 1076 2588 post
1100 2507 1265 2571 decessum
1293 2528 1388 2570 suum
1411 2505 1500 2569 istud

320 2597 553 2662 monasterium
577 2597 610 2662 in
634 2619 749 2664 manus
773 2598 924 2661 deveniat
943 2596 1112 2676 seculares,
1137 2599 1289 2661 canonice
1305 2596 1500 2678 providebit

321 2683 482 2769 Quocirca
514 2693 691 2752 memorato
725 2687 854 2752 domino
888 2692 921 2750 et
954 2686 1083 2750 domino
1116 2693 1227 2751 nostro
1260 2687 1339 2768 regi,
1364 2691 1502 2768 patrono

320 2783 431 2840 nostro
465 2776 713 2841 clementissimo
745 2777 882 2840 eundem
908 2782 1036 2858 patrem
1059 2777 1256 2842 Michaelem
1280 2775 1434 2839 abbatem
1458 2775 1503 2838 sic

322 2865 483 2946 canonice,
517 2867 713 2947 regulariter
746 2872 779 2930 et
811 2865 955 2948 legitime
988 2867 1127 2930 electum
1159 2867 1200 2929 ad
1236 2864 1502 2944 confirmandum,

321 2956 449 3038 sibique
474 2956 513 3020 de
537 2956 687 3020 omnibus
711 2956 875 3040 premissis
900 2955 1093 3036 redditibus,
1126 2956 1338 3038 proventibus
1361 2961 1394 3018 et
1418 2975 1503 3018 emo-

320 3045 474 3110 lumentis
499 3045 701 3128 quibuslibet
724 3045 994 3129 respondendum,
1018 3052 1051 3110 et
1067 3067 1123 3128 per
1151 3047 1215 3126 hos,
1241 3066 1378 3128 quorum
1402 3045 1502 3108 inter-

320 3143 377 3215 est,
411 3136 461 3200 vel
489 3137 648 3216 intererit,
681 3136 869 3219 responderi
900 3136 1088 3200 iaciendum
1119 3142 1351 3218 presentamus,
1381 3155 1502 3216 sueque

320 3226 567 3290 clementissime
590 3227 756 3291 maiestati
780 3225 1008 3309 supplicamus.
1039 3225 1081 3289 Iu
1106 3247 1244 3308 quorum
1278 3224 1501 3289 testimonium

319 3322 484 3399 presentes
516 3315 645 3381 litteras
678 3323 806 3380 nostras
838 3320 989 3397 patentes
1022 3315 1137 3379 damus
1170 3316 1292 3380 iurium
1317 3315 1418 3398 ipsius
1443 3335 1502 3396 pro

320 3405 513 3470 defensione.
546 3405 672 3470 Datum
704 3406 786 3470 feria
819 3403 961 3470 secunda
985 3406 1134 3488 proxima
1156 3412 1229 3488 post
1252 3407 1372 3470 festum
1395 3425 1502 3468 sacra-

322 3497 436 3560 tissimi
459 3496 602 3578 corporis
627 3495 760 3576 Christi,
795 3516 880 3559 anno
904 3495 1026 3559 domini
1050 3495 1218 3559 millesimo
1243 3493 1502 3578 quingentesimo

322 3587 482 3650 tricesimo
508 3587 631 3668 quinto.

307 3696 310 3702 ยน
911 3674 966 3738 lta
991 3681 1048 3754 est,
1073 3674 1236 3755 Matheus,
1261 3675 1317 3757 qui
1341 3697 1447 3756 supra,

916 3765 1027 3844 abbas,
1044 3764 1143 3828 manu
1166 3766 1299 3847 propria
1323 3765 1444 3846 scripsi.

427 3926 462 3982 (A
480 3899 690 3976 ssent-martoni
708 3903 859 4000 ldapatsag
880 3921 1079 3975 levelttraban.
1101 3929 1143 3974 53.
1162 3939 1253 3990 capsa,
1273 3926 1319 3986 H.)
