3436 5500
321 439 339 495 2
818 442 1004 496 orcnv'inrln

320 653 414 694 suum
440 631 635 694 familiarem
659 631 778 696 laicum
803 631 837 694 in
860 621 1096 713 possessionem
1117 629 1249 694 ecclesie
1274 631 1367 714 jubet
1399 631 1502 693 intro-

319 721 404 800 duci,
429 720 481 784 cui
505 721 591 785 idem
615 721 824 785 introductus
848 726 980 784 centum
1004 721 1161 799 marchae,
1186 720 1236 784 vel
1251 721 1346 803 juxta
1362 720 1502 784 valorem

320 811 451 874 ecclesie
475 811 578 893 magis
603 811 652 874 vel
676 811 783 874 minus
802 810 925 875 solvere
941 809 1082 889 debebit,
1107 831 1166 892 pro
1183 831 1248 891 qua
1266 831 1392 874 summa
1407 830 1503 892 pecu-

321 899 372 962 nie
388 900 494 964 luturi
519 922 643 982 semper
667 900 816 964 redditus
840 900 1086 981 obligabuntur,
1111 899 1309 981 ecclesiaque
1329 900 1395 962 suis
1411 900 1503 963 bonis

320 1011 422 1054 vacua
454 991 617 1055 consvevit
649 989 781 1054 restitui
814 989 977 1054 institute.
1011 990 1097 1054 Item
1133 990 1220 1072 quod
1246 989 1377 1053 ecclesie
1402 990 1503 1052 eciam

234 1094 236 1106 ·
320 1079 523 1144 cathedrales
549 1079 764 1143 conferuntur
786 1101 844 1160 per
868 1078 1035 1143 dominum
1059 1100 1168 1161 regem
1192 1079 1252 1143 sub
1267 1079 1502 1162 expectacione,

320 1191 378 1251 per
409 1169 507 1252 longa
539 1175 686 1251 tempora
718 1175 896 1252 antequam
929 1169 1074 1250 ipsarum
1105 1169 1225 1251 prelati
1264 1168 1334 1233 Deo
1368 1175 1503 1232 vocante

321 1259 488 1338 decedant,
520 1266 655 1342 propter
688 1258 774 1340 quod
807 1258 982 1322 elecciones
1007 1259 1216 1340 prelatorum,
1250 1259 1446 1322 secularium
1472 1263 1503 1320 et

320 1349 529 1430 regularium,
555 1349 666 1412 taliter
700 1370 801 1430 usque
825 1369 912 1412 nunc
935 1354 1029 1430 capte
1054 1349 1197 1426 fuerunt,
1232 1349 1318 1430 quod
1343 1370 1362 1411 a
1386 1347 1502 1429 viginti

321 1437 428 1502 tribus
461 1439 555 1502 annis
588 1439 681 1516 citra,
715 1438 824 1502 nullus
856 1459 913 1520 per
941 1438 1027 1501 viam
1050 1438 1220 1502 eleccionis
1243 1439 1352 1519 potuit
1376 1458 1503 1520 promo-

321 1527 397 1607 veri,
421 1528 484 1592 nisi
507 1528 609 1592 fuerit
632 1529 673 1592 ad
698 1535 809 1592 votum
833 1528 959 1609 regium
983 1529 1085 1609 magis
1120 1527 1371 1592 cominatcrium
1405 1549 1503 1609 quarn

321 1618 557 1682 consultorium
580 1618 650 1700 ipsa
675 1618 791 1681 eleccio
820 1618 993 1696 celebrata,
1027 1625 1138 1700 preter
1167 1617 1334 1681 dominum
1357 1617 1504 1680 Lauren-

321 1707 415 1786 cium,
450 1709 506 1790 qui
539 1708 641 1770 tercia
675 1707 878 1772 revolucione
911 1708 989 1770 anni
1027 1728 1084 1771 sue
1123 1707 1292 1771 eleccionis
1330 1707 1372 1771 ad
1408 1706 1504 1789 pedes

322 1803 427 1862 vestre
459 1797 646 1862 sanctitatis
678 1797 886 1861 lamentando
920 1797 1084 1877 accedens,
1114 1819 1172 1881 per
1195 1803 1336 1861 vestram
1360 1797 1504 1878 graciam

320 1887 354 1949 in
379 1887 564 1970 episcopum
588 1887 788 1951 Boznensem
812 1887 877 1950 fuit
900 1885 1127 1968 confirmatus,
1157 1887 1293 1969 ideoque
1316 1908 1375 1969 per
1398 1887 1505 1949 intru-

321 1975 427 2040 siones
450 1982 483 2040 et
507 1977 716 2040 simoniacam
739 1977 937 2059 pravitatem
960 1997 1096 2058 persone
1121 1977 1229 2040 minus
1255 1977 1417 2055 canonice,
1440 1997 1527 2038 non·

321 2065 390 2150 sine
414 2065 535 2131 offensa
559 2065 623 2130 Dei
639 2073 671 2130 et
688 2066 840 2130 scandalo
864 2067 954 2149 juris,
981 2067 1122 2131 ecclesiis
1147 2067 1297 2149 pluribus
1321 2067 1387 2148 jam
1412 2065 1505 2147 qnasi

322 2177 361 2218 ex
385 2157 456 2236 jure
480 2157 594 2221 taliter
617 2155 842 2238 proficiuntur,
867 2161 899 2218 et
923 2178 1009 2219 nunc
1033 2157 1153 2240 prelati
1178 2156 1331 2221 existunt.
1365 2155 1505 2236 Propter

321 2245 469 2328 predicta
501 2247 603 2311 eciam
636 2267 787 2328 personas
821 2245 860 2308 de
892 2267 991 2328 regno
1025 2247 1074 2310 vel
1108 2246 1240 2311 aliunde
1273 2245 1429 2309 oriundas
1463 2244 1505 2307 ad

322 2336 517 2419 principales
542 2337 691 2400 ecclesias
715 2336 806 2417 regni
831 2334 986 2417 Ungarie,
1012 2358 1070 2418 pro
1095 2336 1272 2400 earundem
1296 2335 1505 2400 ecclesiarum

323 2431 356 2488 et
379 2425 473 2507 regni
497 2426 676 2490 utilitatem
701 2426 819 2489 electas
843 2432 903 2488 aut
925 2427 1107 2508 postulatas
1131 2427 1165 2488 in
1189 2425 1340 2508 prelatos
1364 2425 1397 2487 in
1423 2423 1505 2487 faeie

322 2514 406 2578 sedis
430 2516 605 2598 apostolice
629 2516 678 2579 vel
702 2515 824 2578 ibidem
839 2515 873 2578 in
890 2514 1049 2597 partibus,
1073 2516 1222 2580 dominus
1239 2535 1295 2578 rex
1316 2515 1505 2596 obpugnare

322 2605 494 2685 consvevit‚
527 2627 566 2669 ne
599 2606 637 2686 in
657 2604 720 2669 hiis
745 2626 807 2686 que
831 2605 900 2687 agit
924 2606 973 2668 vel
998 2626 1093 2687 agere
1117 2605 1260 2670 intendit
1286 2605 1408 2686 absque
1431 2624 1505 2685 pro-

323 2694 443 2758 visione
467 2715 524 2759 sue
548 2695 663 2759 salutis
686 2700 801 2759 contra
825 2694 1098 2778 indempnitatem
1124 2695 1333 2759 eeclesiarum
1357 2700 1416 2756 aut
1432 2714 1504 2774 pcr-

322 2805 475 2848 sonarum
508 2785 680 2867 quisquam
714 2785 909 2863 inveniatur,
948 2785 1005 2866 qui
1044 2805 1100 2848 sue
1137 2784 1299 2849 voluntati
1332 2784 1413 2846 sciat
1447 2789 1504 2845 aut

323 2874 443 2937 audeat
476 2874 682 2956 aliquomodo
716 2875 887 2937 contraire.
927 2875 1013 2937 Item
1047 2875 1194 2956 quamvis
1226 2876 1278 2957 jus
1310 2879 1505 2955 patronatus

323 2964 530 3027 ecclesiarum
546 2965 687 3046 *quidem
711 2964 881 3046 spirituale
906 2985 972 3028 esse
998 2971 1178 3045 censeatur,
1212 2963 1362 3028 dominus
1396 2969 1504 3025 tamen

323 3075 379 3116 rex
404 3053 529 3117 confert
553 3054 659 3136 ipsum
683 3075 741 3135 pro
764 3053 863 3118 libitu
888 3075 944 3118 sue
968 3055 1155 3134 voluntatis,
1179 3054 1213 3117 in
1237 3054 1382 3135 ipsarum
1406 3052 1505 3115 eccle-

323 3144 445 3206 siarum
478 3164 574 3224 grave
609 3143 813 3225 dispendium
847 3164 883 3206 ae
916 3145 1086 3224 jacturam,
1127 3144 1204 3226 quia
1238 3143 1298 3207 tali
1331 3141 1505 3206 collacione

324 3233 428 3296 dotati
455 3233 542 3296 circa
566 3233 652 3315 ipsas
679 3233 827 3296 ecclesias
853 3253 916 3295 non
941 3233 1122 3315 patrocinio
1139 3234 1195 3298 sed
1211 3233 1314 3315 magis
1333 3231 1505 3296 latrocinio

323 3329 474 3386 utuntur.
512 3323 597 3386 Item
621 3324 709 3405 quod
733 3323 821 3386 omni
846 3343 930 3386 anno
955 3324 1062 3402 semel,
1088 3323 1265 3404 aliquando
1289 3322 1411 3405 pluries
1434 3342 1506 3402 pre-

322 3412 382 3475 lati
406 3413 567 3475 seculares
591 3420 623 3475 et
648 3414 822 3495 regulares
841 3412 985 3493 capitula
1010 3420 1042 3476 et
1066 3418 1243 3476 conventus
1267 3413 1506 3493 compelluntur
1590 3482 1594 3486 ,

324 3501 520 3566 exercitibus
556 3503 719 3582 interesse,
754 3509 785 3565 ct
818 3501 937 3564 ducere
960 3509 1018 3566 aut
1043 3503 1175 3566 mittere
1199 3503 1308 3585 plures
1332 3502 1506 3565 bellatores

324 3613 421 3672 quam
446 3598 621 3673 suppetant
645 3591 686 3655 ad
711 3590 957 3655 conducendum
989 3593 1116 3656 eosdem
1149 3591 1281 3656 ecclesie
1314 3591 1489 3655 facultates

324 3701 397 3743 curn
421 3682 462 3744 ad
487 3682 545 3744 hec
569 3681 701 3744 minime
726 3685 902 3745 teneantur
926 3681 988 3745 nisi
1013 3683 1143 3763 quando
1167 3681 1286 3764 pagani
1303 3681 1351 3744 vel
1376 3681 1505 3744 scisma-

324 3770 381 3834 tici
406 3773 549 3853 regnum'
568 3772 724 3835 ducerent
749 3771 911 3834 hostiliter
935 3771 1163 3834 invadendum.
1180 3771 1266 3834 Item
1290 3771 1377 3836 omni
1401 3770 1504 3851 prima

324 3860 480 3923 ,Ianuarii
514 3861 754 3943 compelluntur
787 3861 850 3923 (luo
884 3861 1117 3943 archiepiscopi
1141 3861 1211 3943 regi
1234 3868 1423 3943 presentare
1448 3859 1506 3921 du-

323 3957 435 4013 centas
454 3951 603 4014 marchas
619 3957 652 4014 et
668 3951 788 4031 singuli
807 3950 949 4032 episcopi
969 3951 1218 4033 quinquaginta,
1237 3958 1372 4033 propter
1389 3971 1505 4012 novunr

324 4061 446 4103 annum
471 4041 556 4122 quod
582 4023 704 4104 domirh
728 4047 856 4103 strenas
879 4047 1004 4104 vocant.
1039 4041 1125 4104 Item
1157 4041 1356 4104 municiones
1385 4047 1506 4103 castro-

324 4151 406 4204 rum,
426 4136 541 4193 contra
560 4131 748 4193 libertatem
772 4129 905 4193 ecclesie
928 4130 1085 4194 hactenus
1102 4131 1258 4210 habitam,
1275 4153 1349 4193 cum
1362 4128 1507 4192 vassallis

325 4219 533 4282 ecclesiarum
567 4219 694 4284 iaciunt
726 4219 879 4284 laborari.
914 4219 999 4284 Item
1033 4221 1218 4284 tailliantur
1241 4220 1353 4303 populi
1376 4219 1507 4282 ecclesie

324 4309 579 4388 importabiliter
602 4331 660 4392 pro
685 4309 780 4373 libito
804 4309 991 4390 voluntatis
1026 4310 1111 4392 quod
1145 4331 1313 4391 nunquam
1338 4308 1419 4372 alias
1442 4308 1507 4370 fuit

325 4405 520 4462 consvetum.
554 4398 640 4462 Item
663 4399 808 4481 plurium
832 4399 1048 4478 ecclesiarum,
1082 4407 1151 4463 tam
1184 4399 1379 4462 secularium
1408 4419 1506 4479 quarn

325 4489 533 4569 regularium,
568 4491 781 4570 possessiones
806 4496 838 4552 et
862 4489 936 4552 ville
960 4490 993 4552 in
1019 4511 1112 4552 usum
1147 4496 1328 4552 castrorum
1352 4495 1385 4551 et
1409 4489 1506 4551 servi-

326 4576 412 4640 cium
436 4586 513 4643 sunt
537 4585 701 4660 ‹rccupate
735 4579 824 4641 nullo
856 4581 927 4659 jure
952 4585 1160 4660 preterquam
1185 4578 1304 4660 placito
1329 4578 1507 4642 voluntatis
