3436 5500
841 437 1028 490 cnunvrtmln

914 710 961 776 Π.

782 876 877 938 (440.
900 871 1012 954 junius
1039 839 1101 936 ros

344 1033 514 1118 Hrcrrpcdi
539 1035 647 1098 Jonas
672 1035 874 1115 lormcinyeo'
895 1036 927 1096 c'c
951 1053 991 1102 aa
1012 1033 1162 1114 crearique
1187 1034 1304 1096 tondes
1327 1029 1532 1096 Debreatlaei

498 1124 690 1210 Tauroisuulc
714 1123 981 1205 auomaayozaae
1005 1143 1045 1186 aa
1068 1121 1137 1203 cyri
1156 1122 1379 1206 puspoksepet.

451 1283 519 1350 Nos
552 1281 730 1370 Dyonisius
763 1285 972 1350 miseracione
1005 1283 1115 1348 divina
1148 1283 1239 1347 tituli
1272 1285 1375 1349 sancti
1395 1281 1530 1348 'Oiriaci

343 1373 378 1439 in
402 1377 515 1440 termis
539 1383 650 1440 sancte
683 1376 829 1440 Romane
862 1374 994 1438 ecclesie
1021 1372 1192 1456 presbyter
1216 1367 1399 1452 cardinalis,
1414 1373 1533 1437 ‘archi-

344 1465 512 1548 episcopus
536 1463 769 1550 Strigoniensis
794 1473 862 1546 etc,
891 1463 1061 1528 lohannes
1085 1464 1124 1527 de
1149 1461 1312 1546 anyad,
1344 1463 1472 1528 nomine
1497 1469 1530 1526 et

343 1553 377 1618 in
402 1576 539 1637 persona
563 1554 670 1620 incliti
694 1551 840 1618 Ladislai
865 1554 959 1617 electi
976 1551 1035 1616 filii
1052 1553 1188 1616 condam
1205 1550 1339 1618 A'lberti
1356 1552 1533 1634 Hungarie·

344 1647 533 1728 etc.·rcgiS,
548 1641 749 1726 gubernator
774 1643 919 1707 eiusdem
937 1641 1029 1724 regni
1050 1641 1229 1724 Hungarie'
1240 1643 1408 1725 generalis,
1431 1641 1529 1706 Nico-

343 1733 415 1798 laus
439 1735 479 1798 de
496 1733 620 1816 Wylak
645 1741 677 1798 et
701 1733 870 1796 Emericu's
895 1733 934 1798 de
953 1731 1112 1795 Pelsevvcz
1129 1733 1280 1814 wayvode
1298 1730 1532 1810 Transsilvani,

344 1823 519 1888 Ladislaus
552 1823 591 1886 dc
626 1819 717 1888 Gara
750 1823 854 1886 banus
888 1820 1126 1885 Machcviensis
1155 1829 1188 1885 et
1213 1821 1353 1885 Thomas
1378 1822 1418 1886 de
1442 1821 1529 1884 Zech

334 1934 449 1977 ‘conres
473 1912 762 1992 Komaromiensis,
785 1911 940 1978 memorie
963 1911 1233 1990 commendamus
1265 1918 1376 1976 tenore
1399 1931 1529 1994 presen-

344 2003 431 2066 cium
464 2003 583 2086 quibus
617 2001 748 2084 expedit
780 2001 948 2080 universis,
981 2001 1069 2083 quod
1093 2021 1150 2064 nos
1178 2000 1314 2082 dignum
1347 2001 1534 2064 censuimus

346 2099 378 2156 et
401 2089 518 2176 utique
543 2113 722 2174 congruum
747 2091 818 2154 illos
843 2091 964 2172 ubique
989 2091 1099 2154 favore
1116 2089 1335 2174 prosequendi
1351 2095 1384 2153 et
1399 2090 1534 2154 honoris

344 2181 451 2246 titulis
484 2181 665 2248 attollendi.
699 2177 838 2263 quorum
867 2181 985 2244 merita
1008 2179 1149 2262 idipsum
1174 2186 1352 2262 exposcunt
1376 2180 1529 2243 virtuosa.

345 2271 431 2336 Sane
455 2271 497 2335 ad
521 2271 718 2353 multiplicia
742 2269 904 2334 virtutum
930 2271 1056 2344 merita,
1090 2269 1209 2352 quibus
1233 2269 1450 2333 venerabilem
1475 2269 1533 2332 do·-

346 2362 471 2424 minum
489 2361 646 2426 Thomam
671 2360 710 2425 de
734 2359 925 2424 Debrcnthe
948 2359 1150 2442 prepositum
1166 2368 1199 2422 ct
1215 2359 1406 2422 canonicum
1431 2358 1529 2422 eccle-

346 2451 392 2514 sie
425 2449 699 2532 Wesprimiensis
733 2450 820 2513 inter
853 2457 978 2512 ceteras
1009 2449 1157 2527 virtutes
1191 2448 1362 2528 signanter
1381 2448 1529 2516 ,honesta

337 2541 423 2616 vita,
459 2539 708 2604 commendabili
738 2537 997 2618 conversacione,
1029 2535 1098 2602 alto
1132 2536 1313 2601 nobilitatis
1347 2557 1463 2618 genere
1491 2558 1529 2600 ex

347 2626 488 2711 utroque
520 2637 657 2712 parente
691 2629 730 2692 de
764 2630 925 2693 baronum
958 2629 1109 2710 prosapia
1135 2635 1283 2690 exortum
1317 2647 1355 2689 ex
1391 2627 1533 2708 antiquo

346 2719 493 2783 novimus
517 2717 586 2782 iore
610 2717 812 2800 insignitum,
845 2725 1028 2799 respectum
1052 2716 1209 2780 habentes
1233 2716 1390 2792 debitum,
1423 2716 1529 2779 volen-

346 2815 395 2872 tes
419 2809 535 2890 ipsum,
559 2809 599 2872 de
623 2807 756 2872 consilio
781 2813 814 2870 et
837 2827 993 2870 consensu
1027 2807 1230 2870 dominorum
1264 2805 1465 2888 prelatorum
1497 2811 1530 2868 et

346 2897 507 2963 baronum
530 2899 671 2980 pretacti
696 2901 788 2979 regni
813 2896 987 2980 Hungarie
1019 2895 1161 2960 fratrum
1194 2903 1388 2974 nostrorum,
1422 2894 1534 2958 favore

340 2996 456 3056 'nostro
484 2987 631 3070 amplius
646 3037 647 3054 ,
662 2987 831 3064 honorare,
866 2988 1089 3069 episcopatum
1122 2985 1253 3049 ecclesie
1276 2983 1449 3068 Agriensis
1472 3005 1534 3068 per

347 3084 484 3142 mortem
506 3077 654 3142 'condam
687 3076 856 3140 reverendi
879 3077 913 3139 in
938 3071 1069 3140 Christo
1093 3075 1197 3158 patris
1235 3073 1357 3138 domini
1390 3073 1535 3139 Simonis

347 3167 387 3231 de
420 3167 553 3248 Rozgon
588 3167 727 3249 episcopi
761 3166 847 3229 dicte
881 3166 1012 3230 ecclesie
1041 3163 1223 3245 Agriensis,
1257 3163 1365 3228 ultimi
1400 3163 1465 3227 veri
1498 3169 1530 3226 et

346 3256 528 3320 immediati
561 3256 751 3338 possessoris
784 3255 927 3319 eiusdem
952 3253 1085 3317 deiure
1110 3254 1206 3318 etde
1232 3252 1318 3317 fecto
1352 3257 1530 3330 vacantem,

346 3367 387 3409 nc
411 3341 524 3410 eadem
547 3347 682 3409 ecclesia
705 3344 872 3410 ulterioris
888 3344 1069 3408 vacacionis
1094 3343 1289 3408 subiiciatur
1312 3341 1535 3420 incommodis,

346 3443 479 3500 matura
503 3435 741 3502 deliberacione
764 3434 947 3516 prehabita‚
976 3433 1072 3496 simul
1096 3453 1169 3496 cum
1194 3432 1352 3496 universis
1376 3433 1442 3496 suis
1466 3433 1531 3495 uti-

346 3525 521 3590 litatibus.
539 3573 546 3588 .
563 3521 599 3606 .¹)
624 3524 759 3606 oppidis,
776 3523 860 3588 villis
884 3530 917 3586 et
940 3519 1195 3606 possessionibus
1218 3521 1315 3587 simul
1339 3543 1412 3586 cum
1435 3521 1530 3584 iuris-

348 3613 557 3692 diccionibus,
581 3615 794 3695 proventibus
818 3621 850 3677 et
875 3613 1099 3678 emolumentis
1126 3610 1394 3694 quibuscumque,
1413 3631 1535 3674 memo--

348 3712 420 3768 rato
438 3703 568 3768 domino
584 3703 716 3784 Thome,
741 3709 900 3785 tanquam
916 3723 1051 3785 persone
1068 3750 1074 3764 .
1092 3750 1098 3764 .
1116 3701 1152 3782 .⁵’)
1177 3708 1210 3764 et
1229 3721 1329 3783 regno
1346 3723 1383 3764 ac
1400 3701 1531 3764 ecclesie

347 3793 524 3876 predicte.
551 3841 558 3856 .
583 3789 621 3874 .³)
656 3815 712 3856 nos
745 3791 915 3857 Johannes
948 3791 1158 3875 gubernator,
1191 3791 1389 3855 auctoritate
1422 3797 1535 3854 nostre

348 3883 606 3965 gubernacioniS,
640 3882 825 3965 specialiter
852 3882 945 3946 nobis
968 3882 1002 3944 in
1028 3881 1236 3948 conferendis
1255 3881 1474 3962 dignitatibus
1498 3888 1533 3942 et

348 3973 512 4038 beneficiis
535 3971 760 4036 ecclesiasticis
784 3992 821 4036 ac
846 3971 1023 4035 honoribus
1046 3970 1247 4036 secularibus
1279 3990 1429 4032 concessa
1452 3989 1532 4032 una·

348 4085 422 4126 cum
455 4062 550 4126 dictis
584 4063 723 4126 dominis
755 4061 907 4124 duximus
940 4060 1181 4139 conferendum,
1206 4081 1312 4141 ymmo
1337 4058 1536 4122 conferimus

348 4159 381 4216 et
414 4153 456 4215 de'
486 4151 597 4216 eodem
630 4152 693 4218 sibi
724 4150 939 4233 providemus,
971 4150 1142 4232 ipsumque
1165 4149 1200 4212 in
1224 4149 1367 4213 eiusdem
1401 4147 1535 4212 ecclesie

347 4241 531 4322 legitimum
564 4241 713 4323 eligimus
746 4241 939 4323 episcopum,
964 4241 1168 4303 nominamus
1196 4259 1302 4321 ymmo
1328 4238 1536 4302 nominamus

349 4337 382 4396 et
406 4331 562 4412 eligimus,
595 4331 855 4412 conferimusque
888 4336 920 4394 et
953 4329 992 4392 de
1021 4351 1102 4393 novo
1126 4327 1189 4393 sibi
1213 4328 1253 4392 de
1277 4327 1388 4391 eodem
1413 4327 1535 4409 episco-

458 4565 524 4625 1-2)
543 4567 671 4631 Egy-egy
690 4563 733 4614 sno
752 4564 965 4614 olvashatatlan.
