3472 5494
468 463 486 499 A
510 461 631 500 11101111
655 462 715 500 nur.
741 461 870 500 snorum
893 460 947 500 100
970 447 1200 500 reservaremur.
1364 440 1428 500 287

244 656 311 714 sua,
329 655 367 697 ex
383 635 498 698 innata
514 634 645 716 pietate,
656 654 692 696 ac
709 633 776 697 zelo
792 655 850 715 pro
867 634 952 697 bono
968 633 1134 714 religionis
1150 633 1338 712 catholicae,
1348 633 1430 697 votis

244 745 355 788 eorum
380 723 561 802 annuendo,
587 723 775 802 nominavit,
810 744 866 786 seu
897 724 1097 804 presentavit
1128 722 1430 786 reverendissimum

244 813 411 877 dominum
420 812 590 877 Andream
604 812 703 895 Illyes
719 813 946 895 presbyterum
963 812 1281 894 quinquagenarium
1297 812 1429 876 natione

244 902 514 986 Transylvanum,
529 904 751 985 praepositum
767 900 974 966 Oibinensem
990 899 1065 982 (sic)
1083 922 1120 964 ac
1146 900 1299 966 abbatem
1325 902 1430 968 sancti

242 991 332 1070 Jobi,
365 993 458 1056 enixe
492 991 704 1074 supplicando
737 991 906 1056 sanctitati
939 1012 1016 1054 suae
1050 997 1211 1072 quatenus
1236 991 1429 1072 dignaretur

244 1082 393 1145 eumdem
408 1083 442 1144 in
459 1083 644 1164 episcopum
660 1089 693 1146 et
709 1088 873 1164 pastorem
897 1080 1097 1160 confirmare,
1121 1086 1221 1162 prout
1244 1101 1283 1144 ex
1306 1081 1428 1145 litteris

242 1171 341 1252 regiis
365 1172 406 1234 ad
431 1172 671 1236 sanctissimum
696 1171 863 1234 dominum
886 1179 1035 1234 nostrum
1054 1172 1089 1233 in
1105 1170 1257 1234 manibus
1281 1191 1428 1236 reveren·

243 1261 367 1324 dissimi
383 1261 487 1342 patris
504 1261 627 1326 domini
643 1261 804 1324 auditoris
820 1260 972 1338 eiusdem,
997 1282 1035 1323 ac
1051 1281 1090 1323 ex
1113 1280 1264 1341 processu
1287 1261 1320 1324 in
1346 1283 1428 1324 nun·

243 1351 368 1414 tiatura
393 1351 569 1432 apostolica
592 1350 755 1415 fabricato
779 1356 879 1432 patet.
904 1347 990 1432 Quia
1014 1371 1089 1414 vero
1114 1349 1272 1414 sanctitas
1297 1371 1356 1414 sua
1379 1349 1427 1416 in·

243 1440 399 1504 stantiam
416 1441 492 1504 huic
511 1461 622 1505 sacrae
641 1439 886 1522 congregationi
902 1439 1036 1518 remisit,
1061 1439 1263 1521 supplicatur
1279 1461 1336 1522 pro
1354 1445 1427 1506 voto

242 1529 423 1610 favorabili,
448 1531 535 1612 quod
559 1551 597 1596 ex
622 1530 834 1611 sequentibus
857 1529 987 1592 videtur
1011 1549 1075 1592 non
1100 1549 1167 1592 esse
1192 1527 1426 1610 denegandum.

349 1618 470 1682 Primo.
504 1621 556 1683 Ex
589 1621 780 1684 necessitate
815 1640 914 1701 quam
941 1617 1064 1682 habent
1087 1618 1277 1700 pauperculi
1302 1619 1352 1682 illi
1375 1639 1427 1682 ca-

242 1709 355 1772 tholici
378 1709 412 1772 in
436 1709 612 1791 provincia,
636 1710 670 1772 in
695 1731 760 1791 qua
791 1715 840 1772 tot
873 1729 991 1790 genera
1015 1715 1179 1772 sectarum
1207 1709 1426 1790 reperiuntur,

242 1798 365 1862 scilicet
396 1798 571 1876 lutherani,
603 1799 786 1877 calviniani,
819 1798 933 1876 ariani,
966 1797 1202 1880 anabaptistae,
1235 1819 1273 1861 ac
1297 1798 1426 1864 scisma-

242 1888 308 1966 tici,
332 1909 406 1952 suos
438 1889 653 1970 particulares
686 1888 842 1952 habentes
881 1888 1207 1969 pseudo-episcopos,
1248 1887 1366 1969 quibus
1399 1889 1425 1952 si

243 1985 371 2040 mature
395 1977 435 2040 de
457 1979 588 2060 optimo,
622 1986 655 2042 et
678 1999 752 2042 vero
775 1984 907 2060 pastore
931 1977 1089 2041 catholico
1114 1998 1176 2039 non
1205 1977 1424 2058 provideatur,

242 2067 369 2130 animae
400 2067 475 2130 illae
509 2073 678 2131 remanent
701 2069 735 2130 in
760 2069 915 2132 continuo
947 2067 1091 2148 periculo
1124 2066 1324 2148 perditionis,
1361 2067 1425 2131 imo

242 2161 283 2218 et.
298 2157 489 2220 scandalum
513 2177 609 2238 grave
632 2159 811 2239 patientur,
844 2157 931 2239 quod
964 2157 1026 2220 sibi
1060 2155 1166 2220 anheli
1196 2153 1424 2238 flagitantibus

241 2245 408 2327 episcopus
432 2246 619 2327 denegetur.

350 2334 507 2400 Secundo.
540 2337 592 2399 Ex
624 2337 770 2400 utilitate
803 2343 871 2399 tarn
904 2335 1078 2416 spirituali,
1112 2356 1210 2416 quam
1243 2335 1424 2418 temporali,

242 2445 325 2506 quae
348 2425 472 2488 orietur
496 2447 535 2488 ex
559 2427 791 2490 constitutione
816 2425 957 2508 episcopi
981 2425 1234 2506 Transylvaniae
1251 2426 1423 2507 praecipue

241 2514 322 2578 dicti
354 2515 510 2578 Andreae
542 2515 650 2597 Illyes,
684 2517 741 2596 qui
765 2536 838 2579 cum
862 2516 905 2578 sit
929 2515 978 2578 vir
1001 2514 1094 2578 valde
1118 2515 1241 2592 doctus,
1274 2515 1423 2596 egregius

240 2604 456 2684 concionator,
495 2605 636 2685 optimus
669 2605 846 2686 theologus,
886 2611 924 2668 ut
957 2610 1093 2686 apparet
1126 2625 1164 2668 ex
1197 2604 1295 2668 variis
1330 2604 1423 2670 libris

239 2693 388 2775 religioni
412 2694 591 2759 catholicae
614 2693 775 2777 proficuis,
810 2717 889 2776 quos
920 2693 1076 2758 idiomate
1099 2693 1206 2775 patrio
1230 2694 1422 2778 praesertim

238 2784 411 2866 impressit,
445 2791 478 2848 et
511 2784 603 2847 cuius
634 2805 731 2866 opera
763 2783 1017 2866 praedefunotus
1049 2783 1309 2866 acchiepiscopus
1338 2782 1421 2848 Stri-

239 2875 401 2954 goniensis
434 2895 512 2937 usus
544 2879 593 2937 est
625 2875 659 2936 in
693 2874 918 2937 convertendis
952 2873 1124 2936 haereticis
1157 2872 1360 2954 Hungariae,
1389 2880 1421 2938 et

237 2963 383 3044 integros
413 2985 513 3045 pagos
545 2963 587 3026 ad
621 2963 835 3027 orthodoxam
867 2962 964 3026 fidem
996 2963 1167 3042 revocavit,
1202 2965 1251 3027 uti
1285 2969 1421 3046 apparet

238 3059 306 3114 13111
331 3074 371 3116 ex
394 3073 546 3134 processu
569 3052 603 3115 in
628 3053 825 3116 nuntiatura
858 3051 1035 3134 apostolica
1068 3051 1224 3131 confect0,
1259 3074 1356 3134 quam
1382 3073 1421 3116 ex

238 3142 424 3205 testimonio
448 3141 694 3205 eminentissimi
719 3141 841 3206 domini
866 3141 1042 3206 cardinalis
1058 3141 1226 3205 Kollonitz
1251 3142 1285 3206 in
1309 3142 1420 3206 eodem

237 3251 388 3312 processu
420 3233 551 3310 inserto,
584 3233 647 3295 0111
671 3252 751 3313 3003,
784 3232 870 3314 quod
893 3231 994 3314 possit
1018 3231 1065 3296 ibi
1089 3231 1192 3295 multa
1216 3232 1302 3296 bona
1327 3231 1420 3314 spiri·

237 3320 342 3384 tualia
374 3327 541 3402 praestare
565 3321 598 3384 in
623 3321 829 3385 stabiliendis
861 3321 1038 3400 catholioiS,
1071 3327 1104 3384 et
1135 3321 1168 3384 in
1193 3321 1419 3386 convertendis

237 3410 434 3490 acatholicis,
466 3411 639 3493 praecipue
673 3432 746 3474 cum
771 3411 817 3474 ibi
841 3413 952 3475 messis
975 3412 1018 3475 sit
1043 3410 1155 3489 multa,
1179 3411 1320 3491 operarii
1345 3431 1419 3474 vero

236 3519 341 3580 pauor.

335 3587 407 3670 Quo
441 3611 514 3653 vero
547 3590 588 3653 ad
622 3589 799 3671 temporale
828 3590 1000 3655 bonumsi
1024 3588 1271 3653 confirmabitur
1297 3591 1417 3671 episco-

235 3699 304 3759 0113,
337 3699 411 3742 011111
443 3700 508 3742 11011
540 3679 642 3762 possit
673 3680 818 3742 invenire
851 3679 1078 3762 oppositiones
1119 3699 1202 3761 quae
1241 3685 1319 3742 ante
1357 3679 1418 3743 hac

234 3768 371 3831 fuerunt
402 3769 436 3830 iu
470 3769 535 3832 illis
566 3769 780 3833 admittendis
812 3791 831 3832 3
859 3769 1071 3852 0113010111113,
1104 3768 1161 3849 qui
1194 3768 1289 3833 modo
1322 3775 1418 3835 erant

234 3856 409 3938 lutherani,
442 3857 536 3921 modo
561 3859 744 3937 calviniani,
777 3859 924 3922 indicta
952 3859 1126 3940 provincia,
1160 3856 1414 3940 3001130110-

235 3946 363 4010 manica
395 3948 586 4010 constituti:
619 3969 682 4035 non
716 3954 765 4012 est
798 3949 936 4012 dubium
962 3948 1041 4030 quin
1065 3949 1133 4030 1030
1158 3947 1208 4010 uti
1231 3969 1326 4010 verus
1350 3948 1416 4029 epi-

234 4056 349 4118 scopus
373 4035 593 4116 confirmatus
626 4059 664 4100 ac
688 4044 895 4102 consecratus
927 4038 1049 4120 poterit
1082 4044 1150 4100 tam
1183 4036 1268 4101 bona
1296 4038 1413 4118 episco-

233 4125 330 4208 palia,
354 4147 391 4190 ac
414 4126 563 4190 redditus
587 4147 724 4205 mensae,
749 4149 847 4210 quam
871 4128 1037 4211 propriam
1062 4126 1280 4205 residentiam,
1297 4147 1335 4190 ac
1351 4128 1416 4191 alia

233 4235 426 4298 recuperare
459 4215 628 4298 paulatim,
662 4238 717 4280 seu
750 4218 866 4282 saltem
889 4220 923 4281 in
947 4225 1049 4300 parte,
1083 4217 1133 4280 uti
1156 4216 1280 4280 habens
1305 4217 1357 4281 ius
1380 4219 1414 4280 in

234 4311 266 4367 et
300 4305 342 4368 ad
375 4327 443 4368 rem
476 4326 549 4369 cum
582 4306 769 4370 assistentia
801 4307 938 4390 piissimi
969 4306 1185 4389 imperatoris,
1225 4307 1281 4388 qui
1319 4307 1414 4370 modo

233 4394 341 4458 dictae
372 4394 558 4476 provinciae
582 4402 631 4460 est
654 4396 813 4475 dominus,
845 4397 1018 4480 praecipue
1052 4416 1125 4459 oum
1150 4397 1218 4478 ipse
1241 4397 1284 4460 sit
1309 4394 1414 4460 Tran-

232 4483 393 4565 sylvanus,
426 4505 464 4546 ac
496 4484 618 4548 habeat
650 4485 696 4548 ibi
730 4489 993 4568 consanguineos,
1018 4507 1057 4549 30
1081 4485 1303 4568 episcopatum
1327 4485 1413 4548 hunc

232 4574 266 4636 in
290 4573 463 4655 antiquum
486 4575 692 4657 splendorem
714 4597 878 4658 reponere,
912 4575 1174 4641 desiderantibus
1199 4575 1277 4658 ipsis
1302 4575 1413 4638 haero-
