3454 5492
457 454 475 492 a
499 453 619 492 usuras
643 455 701 494 uis.
725 455 855 496 unorum
878 455 931 494 roc
955 443 1182 495 adarfnnrrturz.
1372 433 1420 501 57'

768 753 883 818 XLII.

718 917 812 976 1493.
830 915 930 995 ajal.

229 1071 279 1136 Π.
319 1071 450 1136 Ulcisclo'
482 1072 593 1154 leirrr'ly
626 1093 646 1136 o
679 1073 814 1138 tereslei
847 1075 1207 1140 scoot-bcoedelr-reurli
1247 1082 1415 1161 opritsoipot

229 1165 502 1244 orepscr'totetoe'o,
518 1162 673 1225 birtolcoit
689 1181 730 1226 cz
744 1163 932 1247 eaeterpor'oi
947 1165 1088 1247 seiyeteu
1108 1164 1261 1245 ferroollo'
1274 1172 1415 1247 opidoru-

597 1253 772 1317 ro'rdooclr
796 1255 1046 1336 odootdoyoaro.

337 1413 405 1477 Nos
430 1419 489 1476 etc.
522 1413 617 1478 Licet
651 1415 758 1497 regale
792 1417 835 1479 sit
867 1415 1012 1480 officium
1045 1417 1084 1480 de
1118 1418 1275 1481 universis
1304 1427 1415 1483 sancte

230 1505 344 1568 matris
370 1503 500 1568 ecclesie
523 1501 598 1567 filiis
624 1506 807 1586 generalem
831 1526 944 1570 curam
967 1512 1001 1568 et
1018 1506 1270 1570 sollicitudinem
1294 1529 1415 1589 gerere,

229 1593 270 1657 de
302 1595 367 1658 illis
400 1601 510 1656 tamen
543 1593 714 1675 specialius
747 1595 899 1660 convenit
931 1595 1083 1678 cogitare,
1123 1617 1185 1678 que
1223 1597 1346 1661 reclusa
1382 1607 1415 1660 et

229 1684 327 1748 rebus
360 1683 534 1747 mundanis
569 1691 725 1766 exempte,
757 1685 859 1750 vitam
891 1692 1048 1767 perpetue
1077 1686 1278 1768 captivitatis
1301 1687 1335 1750 in
1360 1689 1415 1750 ob-

228 1775 396 1837 servantia
429 1772 572 1855 regulari
607 1773 794 1856 deligenter,
827 1775 934 1857 jugem
963 1775 1158 1857 impendunt
1182 1775 1252 1839 Deo
1276 1777 1416 1840 famula-

229 1871 309 1927 tum.
343 1863 487 1926 Proinde
511 1883 584 1925 curn
610 1863 830 1946 intelligamus
854 1865 1047 1928 reverendas
1071 1866 1218 1929 dominas
1244 1868 1415 1930 sanctimo-

229 1953 331 2016 niales
370 1953 494 2016 ordinis
532 1953 637 2016 sancti
677 1953 850 2017 Benedicti
883 1955 923 2017 de
955 1955 1063 2018 insula
1102 1952 1317 2036 Strigoniensi
1351 1977 1415 2019 non

228 2043 369 2126 amplius
394 2064 491 2125 quam
516 2063 614 2106 unam
648 2043 793 2108 villulam
817 2043 1082 2125 Apadczaffalwa
1117 2053 1273 2124 vocatam,
1306 2047 1339 2108 in
1364 2066 1415 2108 co-

230 2134 350 2196 mitatu
383 2130 436 2214 tl)
470 2133 671 2212 existentem,
705 2134 747 2196 ad
771 2154 883 2197 eorum
907 2155 1000 2196 usum
1025 2140 1058 2198 et
1081 2136 1362 2214 sustentacionem,
1395 2157 1415 2198 a

228 2225 374 2306 primeva
390 2222 441 2286 sui
461 2221 649 2286 monestarii
675 2223 870 2286 fundacione
894 2223 1049 2286 donatam
1073 2231 1106 2286 et
1130 2223 1323 2302 dedicatam,
1357 2226 1415 2288 ha-

229 2314 323 2394 bere;
356 2312 428 2376 ideo
461 2333 518 2375 nos
547 2310 686 2376 salutari
719 2313 861 2396 quadam
896 2312 1066 2376 devocione
1099 2313 1237 2393 incitati,
1271 2316 1416 2378 volentes

227 2403 475 2486 aliquantisper,
508 2407 606 2483 prout
639 2423 679 2466 ex
712 2409 857 2484 tempore
890 2423 1068 2484 possumus
1102 2402 1187 2466 bona
1221 2405 1413 2487 temporalia

228 2495 405 2559 earundem
431 2491 636 2555 dominarum
659 2492 956 2556 sanctimonialium
990 2498 1211 2573 augmentare,
1245 2496 1414 2576 possessio-

229 2605 302 2648 nem
336 2581 471 2647 abbacie
505 2580 628 2645 ordinis
662 2580 805 2645 eiusdem
838 2581 943 2646 sancti
976 2581 1150 2646 Benedicti
1184 2583 1222 2646 de
1250 2583 1414 2648 Thereslre

229 2679 384 2753 vocatam,
418 2672 451 2734 in
485 2671 631 2752 predicto
664 2671 821 2737 comitatu
849 2671 1105 2752 Newgradiensi‚
1131 2671 1164 2735 in
1191 2674 1345 2755 contigua
1368 2675 1414 2736 vi-

227 2763 364 2826 cinitate
388 2761 533 2842 predicte
557 2761 763 2843 possessionis
792 2759 1057 2843 Apadcnaffalwa
1081 2762 1282 2841 existentem,
1316 2785 1414 2846 quam

229 2853 361 2934 quidem
394 2851 565 2916 abbaciam
597 2852 663 2932 jam
696 2871 755 2932 per
786 2858 924 2915 mortem
947 2852 1117 2915 reverendi
1142 2859 1164 2914 t.
1190 2852 1333 2916 eiusdem
1357 2854 1414 2917 ab·

228 2943 321 3006 bacie
355 2940 623 3006 commendatarii
655 2941 695 3004 de
726 2942 799 3022 jure
823 2949 856 3004 et
880 2941 967 3003 facto
1000 2948 1178 3018 vacantem,
1214 2961 1349 3024 eamque
1373 2943 1412 3006 ob

228 3031 442 3113 exiguitatem
467 3032 517 3093 sui
541 3037 716 3112 proventus
739 3031 860 3094 fratres
884 3029 972 3093 illius
996 3030 1120 3094 ordinis
1144 3037 1255 3094 tenere
1281 3031 1415 3096 destite-

229 3129 317 3199 runt,
332 3121 458 3202 pariter
481 3141 555 3184 cum
578 3119 728 3184 omnibus
753 3127 785 3183 et
809 3119 946 3202 singulis
969 3120 1036 3183 suis
1061 3119 1261 3184 utilitatibus
1285 3129 1318 3185 et
1342 3143 1414 3204 per-

228 3211 380 3274 tinenciis
403 3208 671 3293 quibuscumque,
705 3209 819 3291 quovis
843 3209 982 3273 nominis
1006 3209 1163 3274 vocabulo
1186 3211 1344 3288 vocitatis,
1374 3212 1413 3275 de

227 3301 361 3364 consilio
386 3308 419 3364 ct
442 3301 611 3364 voluntate
645 3300 850 3363 dominorum
882 3299 1083 3382 prelatorum
1108 3307 1141 3363 et
1165 3298 1325 3364 baronum
1358 3323 1414 3364 no-

227 3398 371 3454 strorum
387 3398 420 3454 et
437 3390 530 3471 regni
547 3390 658 3469 nostri,
683 3389 870 3454 memoratis
894 3388 1087 3454 dominabus
1111 3389 1414 3455 sanctimonialibus

228 3480 382 3543 duximus
406 3481 547 3545 dandam
572 3487 604 3544 et
629 3481 866 3558 conferendam,
892 3499 930 3542 ac
953 3479 1185 3561 possessionem
1208 3480 1311 3562 ipsam
1333 3502 1413 3544 una-

227 3590 302 3633 cum
334 3569 489 3652 predictis
522 3569 588 3633 suis
623 3569 826 3633 utilitatibus
858 3589 896 3632 ac
924 3567 1136 3650 pertinenciis
1159 3575 1318 3651 perpetua
1343 3571 1413 3652 lege

228 3660 466 3723 annectendam
483 3667 516 3723 et
532 3659 813 3741 incorporandam,
837 3679 1019 3740 nomenque
1035 3657 1172 3722 abbacie
1188 3657 1285 3739 illius,
1309 3681 1413 3740 quan·

228 3755 300 3812 tum
333 3749 367 3812 in
400 3749 493 3813 nobis
527 3757 575 3813 est
608 3749 798 3830 sopiendum
831 3755 864 3810 et
889 3747 1155 3830 extinguendum.
1189 3747 1260 3811 Irno
1290 3749 1412 3828 damus

227 3835 386 3903 donamus
420 3846 452 3903 et
485 3837 681 3902 conferimus
713 3858 751 3900 ac
784 3837 988 3901 annectimus
1012 3845 1044 3901 et
1069 3838 1323 3919 incorporamus,
1355 3861 1414 3922 per

227 3928 314 4010 ipsas
347 3929 493 3992 dominas
526 3927 788 3992 sanctimoniales
820 3928 892 4009 jure
917 3934 1074 4009 perpetuo
1098 3933 1132 3991 et
1155 3927 1413 3992 irrevocabiliter

227 4013 455 4099 possidendam
478 4018 605 4101 pariter
628 4025 661 4082 et
685 4016 877 4081 habendam.
903 4016 1034 4080 Harum
1057 4024 1245 4080 nostrarum
1268 4026 1329 4082 etc.

337 4175 378 4225 Aa
397 4173 456 4226 irat
475 4174 555 4227 cleia:
585 4174 707 4228 Donacio
726 4177 755 4226 et
774 4173 963 4242 incorporacio
993 4172 1108 4226 abbacie
1128 4176 1148 4224 t.
1168 4173 1282 4226 ecclesie
1311 4175 1413 4226 sancti-

227 4246 401 4300 monialium.

335 4395 371 4453 (A
390 4391 487 4444 Kassai
510 4390 736 4456 Pormulareban,
756 4389 775 4442 f.
796 4391 861 4452 64t.)

227 4516 441 4526 ————.

338 4592 355 4650 ¹)
377 4587 621 4656 »Neogradiensi‹,
640 4586 712 4638 mint
732 4604 761 4639 az
781 4587 889 4639 okleve'l
909 4583 1071 4656 szdvegebdl
1090 4586 1212 4639 kiti‘rnik.
