3436 5500
428 482 448 519 1
471 480 593 520 uterne
616 481 676 520 mn.
698 479 829 519 11111111
852 479 906 518 occ
929 465 1156 520 renuntientur-xz.
1338 459 1384 518 le

194 651 519 732 nandi,auctoritate
543 649 623 714 dicti
648 650 752 714 nostri
775 649 856 714 iuris
880 654 1084 731 patronatus,
1108 649 1253 713 habeant
1278 647 1380 712 facul-

194 748 298 806 tatem
322 747 355 804 ct
379 740 596 804 omnimodam
620 744 834 822 potestatem3
858 739 907 802 ita
922 745 1041 818 tamen,
1066 739 1152 821 quod
1169 739 1230 821 ipsi
1247 737 1379 801 comites

195 830 387 895 Fridericus
419 835 452 893 et
485 828 618 896 Vlricus
651 829 837 893 huiusmodi
868 849 1039 911 personam
1071 828 1125 891 cui
1159 829 1198 892 de
1231 834 1380 910 pretacto

194 921 383 1004 episcopatu
407 919 622 1001 provisionem
645 919 784 984 fecerint
807 924 865 982 aut
889 918 996 982 facere
1019 917 1189 998 voluerint,
1215 917 1380 982 maiestati

194 1017 305 1074 nostre
336 1015 526 1092 presentare
559 1008 701 1073 debeant
733 1013 766 1072 et
798 1012 983 1073 teneantur.
1023 1006 1153 1071 Harum
1193 1012 1380 1071 nostrarum

195 1102 392 1179 litterarum,
425 1099 545 1180 quibus
568 1098 713 1181 sigillum
737 1102 886 1162 nostrum
909 1119 1087 1180 appensum
1111 1103 1168 1176 est,
1195 1097 1380 1161 testimonio

195 1190 369 1254 mediante.
402 1187 528 1252 Datum
551 1187 586 1251 in
608 1187 846 1267 Novacivitate,
877 1187 910 1250 in
943 1187 1027 1251 festo
1050 1186 1140 1252 beati
1163 1186 1292 1251 Nicolai
1315 1187 1381 1268 epi-

194 1281 282 1362 scopi
307 1284 340 1342 et
363 1277 562 1358 confessoris,
595 1298 680 1342 anno
713 1277 834 1342 domini
866 1277 1035 1341 millesimo
1060 1276 1381 1359 quadringentesimo

195 1367 453 1452 quadragesimo.

305 1525 467 1590 (Eredetije,
495 1541 690 1595 pergameneo,
719 1522 806 1594 fiiggo
833 1524 976 1591 pecsettel,
1005 1524 1114 1577 abecsi
1137 1541 1173 1576 cs.
1193 1526 1220 1578 11
1239 1523 1266 1576 k.
1285 1521 1382 1576 allami

196 1615 209 1648 s
223 1597 331 1651 udvari
350 1597 543 1659 leve'ltarban.)

748 1831 835 1898 XII.

641 1998 735 2058 1441.
759 1995 894 2059 februar
919 2000 948 2058 6.

197 2153 350 2220 Erzsebet
365 2153 524 2236 kimilpue‘
536 2174 556 2218 o
573 2153 708 2236 euprobi
723 2156 756 2216 e's
771 2153 913 2218 cademot
938 2153 1113 2233 triptolemi
1130 2153 1384 2235 jooodnlmoleot

199 2245 340 2328 illetb'lep,
375 2243 514 2327 deppam
539 2242 647 2326 jopoit
678 2242 825 2396 Zolpomi
858 2243 1014 2396 {caedet
1047 2242 1181 2326 euprobi
1216 2245 1382 2324 priapum-a

687 2353 730 2396 ra
756 2352 899 2396 11111.

306 2494 483 2560 Elisabeth
497 2494 563 2558 Dei
579 2494 690 2576 gracia
714 2495 828 2576 regina
852 2493 1036 2577 Hungarie,
1052 2494 1230 2576 Dalmacie,
1250 2493 1385 2560 Oroaoie

198 2594 259 2650 eto.
283 2585 489 2667 Austrisque
512 2590 546 2648 et
570 2581 680 2666 Stirye
704 2584 832 2648 ducissa
856 2605 981 2648 necnon
1007 2585 1239 2650 marchionissa
1273 2586 1385 2650 Mora·

198 2678 256 2758 vie,
281 2674 458 2740 reverendo
491 2676 525 2738 in
558 2672 691 2740 Christo
729 2674 818 2756 patri
857 2674 987 2738 domino
1019 2674 1198 2739 Benedicto
1238 2677 1384 2759 episcopo

197 2763 416 2848 Zagrabicnsi
439 2765 578 2827 salutem
603 2769 636 2827 11
659 2764 813 2845 graciam.
847 2763 918 2828 Tuo
944 2764 1127 2846 probitatis
1160 2765 1288 2846 merita,
1314 2766 1385 2847 qui·

197 2857 259 2920 bus
283 2856 325 2920 ab
350 2854 507 2918 altissimo
539 2853 716 2936 insignitus
749 2853 818 2918 fore
850 2853 1028 2936 dinosceris
1053 2859 1086 2918 et
1113 2854 1201 2936 apud
1225 2877 1283 2919 nos
1306 2855 1385 2919 fide-

197 2946 297 3027 digno
320 2943 556 3008 commendaris
581 2943 776 3023 testimonio,
807 2964 866 3007 nos
888 2943 1060 3021 inducunt,
1088 2949 1126 3007 ut
1150 2950 1184 3008 te
1208 2943 1386 3010 honoribus

197 3035 430 3116 favoribusque
453 3054 689 3115 prosequamur
713 3033 876 3115 graciosis.
900 3033 990 3097 Hinc
1014 3040 1063 3098 111
1087 3033 1174 3116 quod
1199 3055 1256 3098 nos
1273 3035 1313 3098 de
1329 3042 1385 3098 tue

199 3124 369 3207 legalitate
400 3144 537 3206 persone
560 3121 680 3202 confisi,
715 3143 754 3186 ex
778 3130 868 3187 certa
897 3129 1006 3187 nostre
1030 3124 1212 3188 maiestatis
1238 3124 1386 3204 sciencia,

198 3215 249 3278 ius
282 3219 477 3298 patronatus
510 3218 543 3276 et
575 3212 786 3295 presentandi
809 3212 851 3276 ad
876 3213 984 3276 omnia
1008 3219 1041 3276 et
1065 3213 1195 3296 singula
1228 3213 1385 3278 beneficia

197 3310 315 3369 curata
338 3308 372 3368 et
394 3323 459 3366 non
483 3308 608 3382 curata,
641 3302 792 3366 videlicet
816 3303 1004 3384 dignitates,
1029 3309 1231 3386 personatus,
1256 3304 1385 3367 canoni-

197 3401 301 3473 catus,
334 3393 462 3472 altaria,
495 3392 709 3474 magistratus
742 3398 801 3456 aut
834 3393 900 3458 alia
929 3393 1043 3475 quovis
1066 3393 1205 3458 nominis
1230 3394 1385 3457 vocabulo

200 3483 289 3547 dicta
320 3483 355 3546 in
387 3481 522 3546 ecclesia
554 3489 613 3546 tua
645 3482 863 3564 Zagrabiensi
896 3481 1082 3546 kathedrali
1114 3488 1172 3546 aut
1197 3480 1386 3547 Ohasmensi

198 3573 372 3656 collegiata
390 3572 542 3636 vacantia
566 3577 599 3636 et
622 3571 656 3636 in
682 3571 832 3636 futurum
851 3579 1017 3651 vacatura,
1031 3572 1066 3635 in
1090 3577 1123 3635 11
1146 3571 1277 3654 penitus
1301 3579 1386 3636 tota-

202 3663 278 3725 liter
301 3669 334 3727 et
357 3663 487 3725 omnino
512 3661 782 3741 transfundimus,
803 3661 930 3744 tibique
950 3669 1109 3744 tanquam
1131 3682 1267 3744 persone
1289 3662 1386 3726 bene-

200 3751 316 3816 merite
339 3752 390 3816 ius
413 3751 602 3815 conferendi
636 3751 748 3814 eadem
782 3751 896 3814 damus
929 3753 1107 3816 tribuimus
1132 3756 1165 3814 et
1190 3751 1386 3816 conferimus

199 3842 294 3922 pleno
318 3862 393 3905 oum
417 3839 553 3922 effectu;
579 3847 671 3905 tuam
694 3842 728 3904 in
752 3840 882 3904 domino
908 3842 1118 3905 exhortantes
1143 3841 1386 3922 paternitatem,

199 3937 362 4012 quatenus
386 3929 565 3994 secundum
589 3952 608 3994 a
632 3929 702 3995 Deo
728 3931 790 3994 tibi
814 3930 926 3994 datam
962 3930 1174 4013 prudenciam
1198 3929 1238 3994 de
1262 3931 1387 3995 utilita-

201 4020 290 4084 tibus
324 4027 357 4085 et
388 4020 589 4103 profectibus
624 4020 855 4086 beneficiorum
892 4020 1057 4085 dictarum
1089 4019 1298 4084 ecclesiarum
1331 4028 1387 4084 tue

199 4110 338 4192 ‹lyocisis
353 4110 461 4193 previe
485 4111 649 4192 inspectis,
674 4110 714 4174 de
737 4111 816 4193 ipsis
839 4110 952 4175 taliter
977 4110 1145 4194 providere
1163 4129 1324 4192 procures,
1350 4119 1387 4174 ut

199 4199 316 4264 exinde
340 4201 505 4282 profectus
521 4205 555 4263 11
570 4199 673 4264 honor
697 4201 819 4264 eisdem
841 4201 1011 4282 proveniat
1028 4207 1061 4262 et
1076 4206 1237 4281 assurgat.
1262 4198 1387 4286 Datum

201 4289 334 4353 Pozonii
358 4291 427 4372 ipso
452 4290 504 4354 die
527 4289 604 4354 festi
622 4291 719 4354 beate
735 4289 900 4354 Dorothee
916 4291 1051 4373 virginis
1068 4296 1100 4353 et
1121 4289 1283 4371 martyris
1303 4313 1396 4372 anno

202 4379 323 4442 domini
347 4379 517 4444 millesimo
542 4379 863 4462 quadringentesimo
888 4380 1137 4462 quadragesimo
1161 4380 1274 4461 primo.

309 4541 345 4600 (Α
364 4539 481 4591 11111111
500 4539 636 4606 kiptalan
657 4547 734 4590 1445.
754 4535 869 4590 februar
889 4536 1000 4589 24-iken
1022 4536 1081 4590 helt
1103 4536 1272 4600 atirataben,
1302 4537 1387 4604 rnely-
1484 4597 1487 4604 ,

202 4607 257 4660 nek
275 4609 409 4674 eredetije
429 4629 445 4663 a
463 4610 538 4663 becci
559 4627 593 4662 os.
615 4614 642 4664 11
661 4611 688 4661 k.
708 4610 808 4662 udvari
828 4613 854 4662 11
875 4608 970 4661 11111111
989 4609 1182 4670 leveltarbau.)

1250 4720 1279 4767 ⁸2*
