3454 5492
449 505 466 544 Α
491 504 612 546 Macris
635 505 694 546 nra.
719 505 848 548 unorum
871 505 923 548 roc
947 495 1177 551 seminariam.
1366 489 1405 552 81

223 677 348 742 cionem
380 685 413 743 et
446 679 703 763 permansionem
737 681 807 746 iore
840 681 1051 747 dinoscentur
1074 691 1107 749 et
1130 684 1295 767 pertinere
1318 687 1407 751 vide-

223 768 358 848 buntur,
383 770 484 834 eciam
508 792 571 852 que
595 771 647 834 hic
671 793 821 854 expresse
844 794 908 836 non
933 773 1141 853 haberentur,
1176 776 1350 841 annuimus
1375 782 1407 840 et

223 859 454 940 permittimus
487 862 757 943 concedimusque
781 868 814 926 et
837 863 1038 944 roboramus,
1067 864 1162 928 salvis
1186 865 1315 930 iuribus
1339 867 1407 930 dio-

223 967 414 1013 cesanorum
430 951 685 1031 remanentibus,
701 951 819 1015 harum
835 959 1032 1034 nostrarum,
1055 976 1136 1036 quas
1160 961 1284 1022 secreto
1300 957 1408 1038 sigillo

223 1045 342 1119 nostro,
375 1061 439 1121 quo
464 1047 502 1103 ut
525 1062 582 1104 rex
608 1041 783 1124 Hungarie
809 1043 944 1122 utimur,
977 1043 1180 1126 impendenti
1213 1047 1407 1112 communiri

221 1127 366 1209 fecimus,
399 1130 508 1212 vigore
532 1137 565 1194 et
588 1130 775 1195 testimonio
798 1133 987 1196 litterarum
1015 1133 1246 1199 mediantibus.
1280 1134 1406 1200 Datum

222 1216 255 1280 in
279 1224 386 1282 castro
419 1226 529 1284 nostro
555 1220 672 1301 Thata,
706 1221 740 1284 in
767 1221 849 1286 festo
873 1222 1072 1288 visitacionis
1098 1224 1285 1289 beatissime
1308 1225 1407 1308 virgi·

222 1308 272 1370 nis
288 1309 405 1388 Marie,
425 1330 510 1374 anno
527 1309 661 1375 Domini
677 1311 847 1376 millesimo
864 1311 1124 1395 quingentesimo
1143 1313 1276 1394 decimo,
1292 1335 1406 1398 regno·

222 1418 295 1460 rum
328 1404 514 1463 nostrorum
547 1399 731 1482 Hungarie,
763 1408 822 1466 etc.
856 1403 1127 1486 annovigesimo,
1152 1404 1406 1469 Bohemievero

222 1488 478 1570 quadragesimo

330 1652 366 1712 (A
385 1649 594 1704 erent-mertoni
614 1648 761 1721 fdapttsag
783 1650 981 1706 leveltrtrtban.
1008 1660 1047 1705 13.
1067 1669 1158 1720 capsa,
1178 1655 1217 1716 O.)

746 1906 883 1970 LXIII.

615 2071 709 2130 1510.
735 2067 937 2151 szeptembcr
962 2072 1012 2132 21.

220 2227 269 2292 H.
300 2227 432 2292 Uldszlo‘
454 2227 566 2311 kirdlp
589 2249 610 2292 1
633 2227 900 2312 nroppororsacipi
928 2227 1131 2309 premoalrcr'
1164 2227 1403 2294 bonoaolrrrnrl

348 2321 473 2382 1111111
497 2317 659 2383 11101111
679 2319 976 2400 preposroerasaes
992 2315 1085 2402 jopdt
1108 2317 1279 2402 otarosrrja.

326 2479 529 2543 Wladislaus
569 2478 632 2542 Dei
672 2481 780 2562 gratia
814 2478 997 2561 Hungarie,
1029 2479 1193 2557 Bohemie,
1226 2477 1401 2558 Dalmatie,

219 2566 350 2632 Oroatie
383 2591 439 2633 rex
472 2575 532 2633 etc.
564 2590 686 2634 necnon
721 2568 835 2635 Silesie
861 2577 893 2634 et
917 2569 1202 2651 Lucenburgensis
1226 2569 1293 2632 dux
1317 2591 1402 2632 mar-

219 2658 355 2742 chioque
388 2659 537 2724 Moravie
569 2664 602 2722 et
635 2660 771 2724 Lusatie
805 2666 864 2724 etc.
889 2659 930 2724 ad
965 2659 1112 2724 futuram
1144 2664 1402 2742 perpetuamque

217 2749 264 2812 rei
298 2749 495 2813 memoriam.
535 2746 645 2832 Quum
679 2751 786 2814 divine
821 2751 927 2832 gratie
961 2749 1185 2832 inspiratione,
1227 2750 1318 2812 cuius
1352 2750 1402 2812 in-

217 2839 340 2903 stinctu
365 2839 656 2923 cooperationeque
680 2841 871 2906 miserorum
895 2840 1083 2904 mortalium
1099 2839 1313 2922 cogitationes
1329 2839 1401 2903 feli-

217 2949 285 2993 cem
309 2951 347 2993 ac
370 2929 576 2994 fructuosum
608 2930 786 2995 salutarem
819 2935 1034 3012 optatumque
1062 2949 1100 2993 ac
1122 2950 1180 3012 per
1204 2951 1298 2992 evum
1321 2934 1401 2994 tem-

216 3041 292 3102 pore
326 3019 524 3084 duraturum
556 3020 741 3085 sortiuntur
774 3018 934 3100 effectum,
967 3021 1055 3083 inter
1086 3019 1166 3083 alias
1190 3026 1319 3083 nostras
1342 3042 1400 3101 pro

218 3109 304 3173 felici
320 3131 495 3192 regnorum
510 3116 696 3174 nostrorum
713 3116 746 3174 et
765 3111 868 3174 totius
894 3110 996 3173 ferme
1021 3109 1198 3173 christiane
1222 3109 1400 3192 reipublice

216 3204 307 3264 statu
330 3201 446 3280 varias,
470 3200 667 3283 multiplices
691 3207 724 3264 et
748 3201 893 3282 undique
926 3199 1140 3265 circumfusas
1173 3199 1400 3282 occupationes

216 3296 390 3373 susceptas,
409 3290 451 3355 ad
473 3289 507 3353 id
531 3292 676 3354 animum
701 3297 849 3355 nostrum
873 3310 1121 3370 revocassemus,
1145 3295 1183 3354 ut
1207 3291 1307 3354 etiam
1330 3309 1399 3353 coe-

216 3379 313 3444 nobia
336 3388 369 3444 et
392 3381 590 3445 monasteria
620 3381 761 3444 fratrum
794 3381 1019 3463 religiosorum
1052 3381 1294 3463 eorundemque
1326 3402 1399 3464 pro-

215 3470 368 3535 fessiones
391 3477 502 3535 sancte
526 3471 586 3536 hoc
614 3471 773 3554 inclytum
806 3491 944 3553 regnum
976 3478 1125 3535 nostrum
1160 3469 1334 3553 Hungarie
1366 3477 1399 3534 et

214 3560 280 3625 alia
310 3561 381 3625 loca
413 3561 454 3625 ad
489 3561 573 3626 idem
604 3561 804 3644 pertinentia
842 3561 1110 3641 inhabitantium,
1149 3561 1184 3623 in
1222 3560 1398 3643 pristinum

215 3649 393 3732 florentem,
418 3651 488 3715 Deo
515 3651 639 3735 optimo
662 3657 804 3733 auctore,
828 3657 951 3715 statum
985 3653 1250 3730 reformarentur,
1276 3650 1399 3715 cultus-

215 3762 277 3823 que
288 3740 425 3819 divinus,
436 3741 523 3823 quad
540 3743 609 3806 eius
622 3741 693 3806 fieri
704 3738 865 3826 (poterit),
874 3742 970 3823 longe
983 3742 1113 3824 lateque
1127 3746 1398 3822 augmentaretur

214 3837 525 3914 propagareturque,
558 3833 618 3896 hoc
649 3831 734 3898 idem
765 3832 894 3896 assidue
919 3838 952 3895 et
976 3833 1044 3895 sine
1069 3831 1136 3894 ulla
1159 3831 1398 3894 intermissione

215 3922 316 3986 eciam
336 3922 414 4004 ipsis
434 3920 593 3986 fratribus
610 3923 881 4005 supplicantibus,
897 3920 993 3985 affuit
1009 3922 1096 3984 inter
1112 3921 1192 3985 ahos
1208 3941 1306 4002 seque
1323 3942 1397 3984 con-

214 4017 326 4093 spectu
359 4018 469 4076 nostro
501 4013 623 4077 obtulit
657 4012 735 4077 ordo
768 4013 1081 4077 Premonstratensis
1113 4010 1281 4092 candidus
1305 4017 1397 4075 vetus

214 4107 247 4164 et
269 4103 406 4184 insignis
438 4108 690 4186 sanctorumque
722 4108 855 4187 patrum
879 4106 913 4165 et
936 4102 1092 4166 canonica
1124 4101 1290 4166 sanctione
1323 4096 1397 4166 con-⁸

213 4190 371 4273 firmatus,
405 4192 458 4255 cui
492 4214 607 4257 nomen
633 4215 652 4257 a
675 4191 970 4275 premonstratione
1003 4191 1113 4255 divina
1137 4197 1170 4254 et
1193 4192 1395 4274 incompara-

213 4281 288 4346 bilis
312 4283 448 4365 virginis
473 4282 579 4346 Marie
603 4282 718 4346 matris
743 4283 865 4347 domini
889 4281 1031 4345 inditum
1055 4287 1112 4361 est,
1146 4282 1203 4364 qui
1228 4281 1397 4364 splendore

213 4371 278 4435 vite
316 4379 350 4435 et
389 4373 534 4456 exemplo
575 4395 633 4436 suo
667 4378 772 4436 totum
811 4373 1026 4436 christianum
1065 4372 1176 4436 orbem
1209 4372 1396 4452 illustravit,

213 4461 340 4526 incuria
363 4469 472 4526 tamen
494 4469 526 4527 et
543 4463 743 4545 negligentia
766 4463 865 4546 paulo
888 4468 965 4526 ante
989 4461 1055 4526 acti
1079 4462 1178 4526 seculi
1204 4462 1396 4526 multorum·

214 4573 276 4635 que
301 4551 475 4634 fragilitati
499 4551 586 4636 (ipp)
609 4574 786 4636 parumper
810 4552 974 4616 remissius
1002 4573 1110 4634 agens,
1142 4553 1183 4617 ob
1207 4552 1307 4635 idque
1331 4574 1394 4616 non

213 4643 339 4707 modica
371 4665 468 4726 egens
502 4643 734 4709 reformatione
772 4643 936 4727 supplicat
970 4643 1063 4707 nobis
1102 4642 1210 4706 animo
1258 4643 1396 4706 demisso

257 4767 432 4814 ornsvhnrln
457 4781 473 4812 n
497 4780 523 4814 u.
548 4780 573 4814 u.
599 4779 717 4814 unorum
741 4779 791 4814 roo
814 4769 964 4813 rhun-unz.
1272 4775 1287 4820 c
