3454 5492
318 431 359 489 86
813 436 1002 490 0111111111

318 625 401 688 00110
424 622 571 702 firmiter,
596 623 752 704 quatinus
776 623 918 706 acceptis
941 624 1157 705 presentibus,
1177 645 1251 688 cum
1274 624 1368 688 fidele
1392 632 1504 688 nostro

319 713 498 777 venerabili
522 719 555 776 et
579 713 729 795 religioso
763 713 867 778 fratre
899 713 1036 777 Matheo
1068 714 1189 778 abbate
1222 715 1327 778 sancti
1353 715 1504 794 Martini,

304 804 359 867 de
384 803 587 867 utilitatibus
611 809 644 867 et
666 803 879 886 proventibus
903 804 1004 886 ipsius
1028 803 1164 868 abbacie
1187 825 1244 886 per
1263 826 1317 868 vos
1337 805 1504 888 hucusque

318 892 479 976 perceptis
511 893 675 957 racionem
698 914 826 976 ponere,
851 899 884 956 et
907 894 934 957 si
958 893 1065 957 adhuc
1098 917 1224 958 summa
1257 894 1381 958 sallarii
1404 895 1504 959 vestri

319 983 463 1046 nondum
503 983 631 1065 expleta
670 1004 739 1048 esse
778 983 1004 1065 comperietur,
1043 984 1077 1046 id
1116 985 1278 1050 restancie
1316 985 1356 1049 ab
1393 985 1505 1049 eodem

320 1073 456 1137 Matheo
480 1073 609 1154 abbate,
643 1073 695 1136 cui
719 1094 776 1138 nos
803 1073 977 1156 superinde
1009 1075 1243 1154 mandavimus
1276 1080 1448 1156 expectare
1472 1081 1505 1138 et

319 1163 492 1228 abbaciam
525 1162 629 1246 ipsam
661 1165 838 1244 remittere,
878 1164 904 1227 si
939 1184 1013 1227 vero
1046 1165 1112 1228 iam
1149 1164 1297 1228 totaliter
1336 1165 1504 1229 sallarium

321 1258 465 1316 vestrum
490 1254 651 1334 excepisse
674 1253 924 1336 comperiemini,
956 1253 1092 1317 eandem
1116 1255 1239 1338 absque
1263 1256 1350 1318 omni
1373 1276 1505 1338 prorsus

321 1343 471 1406 ulteriori
505 1341 703 1407 difficultate
736 1345 886 1409 similiter
919 1343 1023 1408 eidem
1047 1349 1080 1407 et
1104 1345 1211 1408 ordini
1237 1345 1413 1426 remittere,
1438 1365 1504 1408 ma-

321 1454 447 1515 nusque
471 1438 595 1496 vestras
620 1439 652 1497 et
676 1439 858 1498 vestrorum
882 1434 1026 1497 omniurn
1050 1433 1090 1498 de
1113 1435 1226 1498 eadem
1258 1435 1388 1518 penitus
1421 1435 1504 1498 exci-

320 1544 397 1606 pere
431 1529 463 1587 et
496 1524 600 1605 excipi
633 1523 740 1588 faeere
774 1523 921 1588 debeatis
954 1528 987 1586 et
1019 1524 1206 1605 teneamini,
1244 1531 1411 1608 presentes
1446 1545 1505 1607 pro

320 1617 429 1676 vestra
452 1613 626 1694 superinde
651 1614 859 1696 expedicione
884 1620 1095 1678 reservantes.
1128 1613 1254 1678 Datum
1287 1615 1391 1695 Bude,
1424 1613 1506 1678 feria

321 1708 413 1766 sexta
436 1703 584 1784 proxima
608 1709 684 1766 ante
708 1704 902 1768 dominicam
928 1702 1106 1784 Invocavit,
1139 1726 1224 1769 anno
1258 1705 1380 1769 domini
1404 1705 1505 1768 mille-

322 1793 402 1856 simo
427 1792 685 1874 quingentesimo
711 1794 896 1860 tredecimo.

881 1910 1012 1975 Relatio
1041 1911 1190 1992 magistri
1214 1909 1383 1974 Francisoi

898 2000 1063 2084 prepositi,
1082 2000 1248 2065 secretarii
1267 2001 1360 2082 regis.

898 2117 1029 2183 Relatio
1053 2118 1146 2182 Petri
1172 2117 1367 2200 Korlaczky.

923 2209 1121 2274 Franciscus
1144 2208 1336 2291 prepositus.

429 2367 464 2426 (Δ
484 2365 694 2418 erent-martem
714 2365 861 2437 idapatsag
880 2367 1081 2422 leveltaraban.
1102 2374 1144 2420 59.
1164 2383 1255 2436 capsa,
1275 2368 1323 2429 M.)

851 2656 982 2724 LXVI.

734 2823 828 2882 1513.
853 2825 1030 2902 augusztus
1058 2823 1107 2884 13.
1206 2823 1208 2826 ’

324 2980 363 3046 Χ.
381 2983 446 3046 Leo
458 2985 551 3062 pdpo
567 2951 765 3061 0101010001
788 2983 966 3063 opdlsdpot,
989 3001 1010 3044 0
1026 2979 1226 3063 meuopiben
1242 3002 1263 3044 0
1280 2979 1391 3062 kirdlp
1407 2977 1506 3044 011οῑ

391 3071 595 3154 llozedjdrul,
618 3070 729 3136 Esatei
753 3069 915 3154 Hippolpt
938 3068 1163 3134 etcorporum
1187 3071 1438 3153 odomdupoaro.

431 3235 498 3298 Leo
522 3241 581 3298 etc.
615 3233 744 3298 Dilecto
776 3233 843 3298 filio
876 3233 1057 3317 Hippolyto
1090 3237 1202 3296 sancte
1225 3231 1327 3296 Lucie
1351 3231 1385 3294 in
1409 3229 1507 3296 Silice

324 3327 459 3391 diacono
493 3325 654 3390 cardinali
686 3325 825 3388 salutem
859 3329 892 3387 et
924 3323 1133 3406 apostolicam
1166 3322 1458 3387 benedictionem..
1476 3369 1506 3384 ..

324 3415 409 3482 Ourn
432 3415 545 3497 itaque
568 3415 803 3479 monasterium
827 3419 1014 3478 sanctorum
1038 3411 1131 3476 Petri
1155 3418 1188 3474 et
1211 3411 1309 3476 Pauli
1333 3413 1373 3475 de
1390 3411 1507 3494 Tapol-

325 3507 394 3586 cha,
419 3498 542 3569 ordinis
567 3506 671 3568 sancti
696 3504 876 3585 Benedicti,
900 3503 1074 3586 Agriensis
1099 3501 1244 3582 diocesis,
1269 3501 1355 3584 quod
1379 3522 1418 3564 ex
1441 3502 1508 3584 pri-

324 3597 440 3678 vilegio
464 3595 641 3678 apostolico
664 3596 734 3676 regi
746 3593 920 3671 Hungarie
936 3614 994 3677 pro
1011 3599 1155 3674 tempore
1175 3592 1328 3656 existenti
1352 3612 1508 3671 concesso,

325 3689 464 3751 011101
490 3691 538 3750 est
562 3685 720 3748 hactenns
745 3685 779 3749 in
803 3685 912 3766 aliquo
937 3683 1139 3765 derogatum,
1156 3681 1196 3745 de
1220 3683 1290 3746 iure
1314 3687 1508 3764 patronatus

325 3777 469 3842 eiusdem
493 3775 579 3859 regis
602 3775 723 3850 existit,
748 3797 787 3838 ex
812 3795 856 3854 eo,
882 3773 967 3856 quod
992 3773 1131 3836 dilectus
1154 3771 1242 3835 filius
1266 3772 1507 3850 Beneventura,

325 3887 430 3949 nuper
452 3867 554 3948 ipsius
574 3866 764 3929 monasterii
780 3864 881 3928 abbas
898 3863 1049 3945 regimini
1066 3867 1099 3926 et
1115 3862 1395 3926 administracioni
1411 3862 1507 3940 illius,

325 3959 378 4022 cui
402 3963 481 4021 1110
504 3961 644 4039 preerat,
677 3976 734 4038 per
758 3955 913 4018 dilectum
937 3953 1050 4034 filium,
1084 3949 1221 4016 Silvium
1246 3953 1285 4016 de
1310 3951 1427 4032 Silviis,
1456 3972 1507 4016 ca-

325 4047 478 4111 nonicum
517 4047 771 4127 Ferrariensem,
809 4051 1055 4126 procuratorem
1093 4063 1197 4123 suum,
1230 4043 1271 4105 ad
1304 4042 1364 4105 hoc
1397 4042 1437 4107 ab
1472 4064 1508 4105 eo

326 4137 510 4220 specialiter
542 4135 767 4216 constitutum,
800 4136 834 4197 in
869 4135 1018 4197 manibus
1050 4133 1171 4196 nostris
1203 4139 1317 4214 sponte
1342 4139 1374 4195 et
1406 4133 1508 4196 libere

326 4227 430 4307 cessit,
453 4247 575 4308 nosque
600 4226 773 4290 cessionem
798 4225 901 4307 ipsam
926 4224 1078 4287 duximus
1102 4221 1348 4302 admittendam,
1383 4222 1417 4284 in
1441 4222 1506 4285 Ro-

326 4338 423 4381 mana
455 4317 546 4380 curia
578 4317 742 4381 vacaverit
774 4322 807 4379 et
841 4319 932 4379 vacet
965 4314 1006 4378 ad
1039 4334 1180 4396 presens,
1213 4334 1270 4375 nos
1302 4317 1370 4375 tarn
1403 4312 1507 4375 eidem

326 4407 554 4471 monasterio.
580 4455 586 4468 .
613 4456 619 4468 .
663 4407 702 4469 de
736 4405 953 4488 gubernatore
985 4403 1060 4468 utili
1094 4409 1126 4466 et
1159 4403 1281 4479 idoneo,
1320 4422 1379 4482 per
1411 4423 1507 4484 quem

327 4499 558 4579 circumspecte
590 4497 659 4578 regi
692 4503 725 4558 et
757 4496 934 4560 salubriter
967 4494 1065 4576 dirigi
1090 4493 1204 4572 valeat,
1238 4513 1335 4573 quam
1365 4491 1436 4572 tibi,
1471 4498 1508 4554 11

326 4608 538 4674 expensarum
559 4607 669 4665 onera,
694 4607 757 4672 que
781 4591 813 4648 te
837 4586 930 4652 iuxta
954 4583 1177 4651 cardinalatus
1203 4581 1448 4664 sublimitatem,
1468 4582 1508 4652 de
