3454 5492
296 417 360 476 104
793 424 979 476 1111111111

293 616 435 673 vestram
458 609 492 672 in
517 609 610 673 bonis
635 615 667 672 et
691 610 788 675 rebus
812 608 987 673 mobilibus
1011 609 1213 674 dominorum
1245 610 1475 692 episcoporum,

294 699 499 764 testamentis
532 720 643 762 eorum
675 721 733 782 per
766 699 970 763 maiestatem
999 705 1137 763 vestram
1172 720 1235 763 nou
1269 698 1477 778 confirmatis,

293 788 472 868 succedere,
488 794 729 871 proventusque
753 789 913 854 bonorum
935 789 1043 853 etiam·
1058 789 1274 855 immobilium
1298 796 1331 852 et
1354 789 1475 870 jurium

293 879 589 962 possessionarium,
620 879 719 942 donec
753 900 791 942 ea
823 879 920 942 alteri
951 900 1086 961 persone
1114 879 1329 944 ecclesiastice
1353 878 1393 942 ad
1419 900 1477 960 gu-

293 968 499 1033 bernandum
523 969 643 1032 collata
665 968 800 1049 fuerint,
825 969 947 1050 optimo
969 970 1042 1052 jure
1064 969 1230 1052 percipere
1243 990 1336 1052 posse
1351 972 1477 1033 certum

293 1064 350 1124 est.
373 1055 477 1122 Cuius
501 1058 633 1139 quidem
656 1059 703 1122 rei
728 1058 874 1141 exempla
899 1058 998 1122 etiam
1022 1057 1115 1123 uobis
1139 1080 1204 1123 non
1229 1059 1355 1124 desunt.
1390 1057 1476 1123 Nam

293 1148 557 1212 reverendissimo
582 1147 746 1230 quondam
770 1148 900 1212 domino
919 1148 1023 1213 Paulo
1041 1149 1080 1212 de
1092 1149 1220 1214 Warda
1236 1149 1476 1232 archiepiscopo

293 1237 510 1320 strigoniensi
535 1233 643 1318 (cuius
667 1238 907 1303 testamentarii
931 1237 1122 1303 Fridericus
1151 1239 1331 1304 Malatesta
1354 1244 1388 1302 et
1411 1238 1476 1302 Mi·

292 1328 384 1394 chael
418 1328 589 1409 thnoky
622 1348 696 1391 cum
729 1329 896 1393 testatoris
924 1329 1127 1394 voluntatem
1150 1335 1183 1392 et
1206 1329 1316 1411 legata
1340 1327 1477 1393 subinde

292 1440 350 1502 pro
375 1439 432 1482 sno
455 1418 595 1483 arbitrio
619 1419 843 1499 immutarent,
867 1439 932 1500 qua
956 1439 991 1482 re
1015 1418 1101 1482 idem
1125 1417 1359 1502 strigoniensis
1383 1418 1477 1482 vehe-

293 1512 418 1573 menter
442 1514 630 1588 commotus,
660 1508 792 1574 tabulas
815 1509 1005 1573 testamenti
1028 1508 1173 1572 nondum
1196 1509 1290 1591 plene
1314 1509 1477 1573 confectas

293 1594 464 1680 conscidit)
496 1597 538 1662 ab
571 1599 729 1662 intestato
762 1597 945 1679 decedente,
979 1598 1073 1663 divus
1105 1599 1267 1680 quondam
1299 1600 1477 1682 imperator

293 1695 432 1771 auguste
475 1687 629 1752 memorie
667 1689 796 1772 genitor
833 1709 924 1753 sacre
962 1689 1144 1752 maiestatis
1182 1695 1288 1754 vestre
1327 1689 1477 1753 charissi-

295 1800 375 1858 mus,
399 1778 550 1842 dominus
573 1782 683 1844 noster
707 1778 984 1858 clementissimus,
1017 1778 1051 1842 in
1076 1779 1225 1844 omnibus
1249 1778 1330 1844 dicti
1355 1779 1477 1843 domini

294 1866 528 1949 Strigoniensis
551 1867 644 1933 bouis
668 1874 701 1933 11
725 1869 823 1934 rebus
846 1867 1021 1934 mobilibus
1050 1868 1327 1952 proventibusque
1352 1869 1476 1934 archie-

293 1960 480 2042 piscopatus
503 1959 666 2039 successit,
690 1965 723 2024 et
755 1958 932 2023 domestica
958 1959 1058 2024 etiam
1080 1959 1170 2023 illius
1192 1959 1410 2042 supellectilis,
1435 1959 1477 2023 ad

294 2049 456 2114 rationem
489 2069 579 2114 sacre
608 2048 772 2131 quondam
810 2049 992 2114 maiestatis
1031 2070 1088 2113 sue
1126 2070 1254 2114 cesaree
1287 2049 1351 2114 fuit
1384 2069 1477 2114 occu·

293 2145 380 2221 pata.
420 2137 474 2204 Sic
507 2140 608 2203 etiam
644 2137 799 2203 defuncto
838 2139 1004 2222 quondam
1042 2140 1308 2204 reverendissimo
1348 2139 1477 2204 domino

293 2229 470 2294 Francisco
495 2229 640 2312 Wylaky
672 2231 820 2312 episcopo
849 2227 1014 2311 Agriensi,
1048 2231 1150 2294 totius
1183 2231 1261 2294 anni
1293 2229 1477 2312 illiusque

293 2319 385 2399 obiit,
410 2320 614 2402 episcopatus
646 2324 831 2402 proventus,
863 2319 904 2382 ad
938 2321 1098 2384 rationem
1130 2319 1276 2402 predicte
1314 2340 1404 2383 sacre
1427 2339 1477 2382 ce·
1573 2368 1576 2376 .

294 2430 385 2473 saree
418 2409 599 2473 maiestatis
632 2409 767 2473 fuerunt
795 2410 949 2492 percepti.
983 2410 1029 2473 Et
1060 2410 1256 2474 consvetudo
1279 2432 1299 2473 a
1323 2411 1477 2474 memoria

295 2499 462 2563 hominum
495 2498 537 2562 ad
572 2498 631 2562 hec
660 2519 762 2582 usque
795 2505 939 2582 tempore
971 2499 1144 2564 observata
1177 2505 1329 2579 testatur,
1362 2499 1477 2564 defun·

293 2595 421 2654 uterum
444 2590 667 2672 episcoporum
697 2590 783 2655 bona
814 2609 940 2671 semper
973 2589 1014 2654 ed
1047 2610 1139 2672 reges
1171 2588 1346 2672 Hungarie
1377 2590 1477 2654 fuisse

294 2679 454 2744 devoluta,
494 2676 604 2761 Quare
643 2678 779 2744 demisse
817 2678 978 2744 sententie
1016 2685 1126 2744 nostre
1163 2680 1267 2764 priori
1298 2679 1477 2744 1111111111-

293 2769 442 2834 herentes
475 2768 655 2834 humillime
689 2768 920 2850 concludimus,
952 2770 1002 2834 uti
1035 2768 1075 2833 ab
1110 2763 1274 2854 exemplis]
1297 2771 1396 2834 etiam
1420 2791 1477 2852 per

294 2881 351 2926 nos
374 2859 525 2942 allegatis
549 2859 720 2923 manifeste
743 2859 856 2941 liquet,
880 2879 1005 2924 sacram
1030 2861 1234 2925 maiestatem
1261 2866 1403 2925 vestram
1427 2881 1477 2925 ce·

293 2971 419 3024 saroam
454 2949 685 3032 episcoporum,
717 2949 889 3032 presertim
922 2951 964 3015 ab
1002 2951 1159 3014 intestato
1193 2951 1418 3015 decedentium
1442 2951 1477 3013 in

294 3061 392 3122 regno
417 3039 590 3122 Hungarie
613 3040 798 3122 legitimum
821 3060 888 3104 esse
912 3061 1136 3121 successorem,
1156 3046 1189 3105 et
1204 3041 1333 3123 plenam
1348 3040 1477 3105 habere

296 3130 486 3196 facultatem
511 3151 562 3194 res
586 3134 618 3193 et
642 3131 728 3196 bona
751 3151 863 3194 eorum
896 3130 1029 3196 mobilia
1062 3130 1241 3212 occupandi
1265 3136 1299 3194 et
1323 3150 1477 3213 quocum-

294 3241 356 3303 que
372 3221 537 3286 maiestati
553 3225 659 3284 vestre
674 3221 814 3302 benigne
830 3219 934 3285 visum
951 3220 1060 3301 fuerit,
1085 3242 1145 3302 pro
1164 3221 1315 3286 clementi
1338 3219 1477 3286 arbitrio

295 3332 354 3376 suo
377 3309 610 3375 convertendi.
627 3358 634 3372 .
651 3305 688 3392 .1)

401 3400 528 3464 Datum
551 3399 684 3466 Posonii
709 3401 826 3466 ultima
849 3398 1003 3466 Octobris
1022 3422 1107 3466 anno
1124 3423 1144 3464 a
1159 3406 1237 3465 nato
1253 3399 1363 3465 Oristo
1382 3403 1476 3464 1565.

401 3516 626 3582 Sacratissime
650 3538 776 3582 cesaree
801 3521 833 3580 et
857 3516 945 3598 regie
970 3516 1151 3582 maiestatis
1174 3523 1279 3580 vestre

876 3631 1051 3696 humillimi
1075 3639 1107 3696 et
1130 3631 1241 3696 fideles
1260 3631 1432 3696 servitores

877 3721 1021 3786 Prefecti
1045 3729 1078 3786 et
1106 3723 1282 3786 consiliarii
1307 3743 1432 3786 camere
1489 3791 1491 3794 ,

1058 3813 1257 3895 Hungaricc.

401 3969 555 4033 (Eredetije
574 3987 590 4021 e
609 3967 683 4020 111111
703 3985 738 4019 11.
759 3970 786 4019 es
806 3966 832 4020 k.
851 3967 1181 4037 penziigyminiszterium
1200 3969 1410 4030 leveltaraban.)

395 4187 423 4308 ἑ)
443 4187 549 4236 1111111111
569 4202 585 4236 a
604 4183 811 4252 megiiresedett
829 4183 908 4253 gybri
927 4184 1084 4253 piispdkseg
1107 4184 1285 4238 birtokainak
1314 4183 1476 4236 atvetelero'l

294 4273 348 4309 van
367 4273 393 4307 sz
413 4297 419 4308 .
