3454 5492
315 429 357 492 68
803 439 999 495 escaramis.

315 625 441 689 Datum
473 625 575 706 Bude,
609 628 643 691 in
666 629 750 692 13333
773 628 862 694 beati
886 629 1049 694 Johannis
1078 634 1156 694 ante
1179 623 1308 712 portam
1332 627 1498 708 Latinam,

315 737 401 780 anno
425 716 547 780 domini
570 717 740 782 millesimo
765 719 1025 802 quingentesimo
1048 720 1162 803 prime.

423 864 534 938 (dtirva
547 895 563 929 a
576 877 686 930 csornai'
702 878 827 931 konvent
848 886 925 931 1507.
943 847 1046 943 januar
1066 879 1153 932 ae-iki
1172 847 1359 932 olrleveleben.
1374 883 1398 930 A
1412 881 1499 930 scent-

315 947 437 1000 marioni
456 946 614 1018 ldapatseigi
633 949 816 1002 leveltarban.
838 958 879 1002 29.
899 967 982 1017 capsa
1000 954 1044 1012 A.)

871 1223 949 1286 LII.

770 1390 863 1450 1502.
889 1386 998 1467 junius
1024 1389 1051 1447 6.

313 1546 365 1618 II.
395 1547 525 1614 11133313
546 1546 740 1632 meqbaqyja
764 1547 908 1613 Tbolaai
940 1548 1034 1612 Mate'
1059 1544 1309 1628 paoaoabolrac'
1341 1545 1499 1626 opdtaolc,

316 1637 478 1702 3313331331
510 1657 550 1701 or
582 1645 684 1703 333333
717 1637 1104 1703 33333-Β3333133-333313
1136 1635 1335 1716 apotolicae,
1368 1635 1452 1720 bopy
1479 1655 1500 1699 a

379 1727 473 1791 leobor
496 1728 720 1792 33333333331331
742 1726 856 1810 fopjdlc
879 1729 907 1792 el
930 1731 962 1791 33
985 1727 1154 1792 3331133333
1179 1725 1446 1790 333333333113133.

425 1889 627 1954 Wladislaus
661 1889 724 1954 Dei
757 1890 868 1972 gracia
900 1910 957 1954 rex
990 1888 1164 1972 Hungarie
1189 1893 1222 1952 33
1245 1888 1408 1968 Β31133313,
1440 1892 1499 1952 etc.

315 1979 467 2043 fidelibus
492 1979 611 2044 nostris
635 1980 875 2045 venerabilibus
899 1987 932 2044 33
956 1979 1115 2062 religiosis
1148 1977 1284 2044 Matheo
1310 1979 1349 2042 de
1374 1978 1500 2043 Thalna

316 2069 431 2134 abbati
455 2070 560 2134 sancti
583 2070 725 2135 Martini
749 2070 833 2135 sacri
857 2071 976 2135 montis
999 2069 1177 2149 Pannonio,
1193 2069 1375 2151 ceterisque
1400 2069 1499 2134 abba-

316 2160 405 2225 tibus
429 2159 552 2223 ordinis
577 2159 643 2224 divi
666 2161 847 2241 Benedicti,
879 2180 1148 2244 quorumcunque
1172 2159 1443 2224 monasteriorum
1467 2158 1500 2221 in

315 2250 375 2314 lroo
408 2271 508 2332 regno
541 2256 651 2314 nostro
684 2251 857 2333 Hungarie
890 2256 923 2314 33
955 2251 1105 2334 partibus
1131 2249 1193 2314 sibi
1217 2249 1371 2314 subiectis
1395 2248 1501 2314 ubivis

317 2339 538 2419 fundatorum,
562 2346 729 2423 presentes
752 2341 870 2405 visuris
894 2340 1032 2406 salutem
1058 2347 1091 2404 et
1108 2341 1260 2423 graciam.
1285 2339 1337 2402 Ex
1361 2339 1501 2422 querelis

316 2429 432 2494 vestris
455 2430 684 2511 intelleximus,
718 2431 888 2496 nonnullos
913 2451 979 2495 esse
1006 2431 1127 2496 1333333
1155 2429 1279 2494 ordinis
1303 2429 1410 2509 333331,
1444 2428 1501 2510 qui

316 2518 523 2584 dissoluoioni
555 2522 674 2603 pocius,
711 2527 745 2585 et
777 2520 946 2601 scandalis,
986 2542 1085 2603 quam
1118 2519 1262 2602 regulari
1294 2519 1501 2583 observancie

316 2614 477 2690 vacantes,
501 2610 534 2673 in
558 2611 763 2694 dispendium
783 2611 899 2676 salutis
918 2611 1101 2675 animarum
1125 2631 1267 2690 suarum,
1291 2615 1406 2674 contra
1428 2631 1501 2693 pro-

315 2700 487 2764 fessionem
519 2721 613 2764 suam
645 2721 682 2764 ac
715 2706 843 2766 statuta
867 2706 900 2764 et
923 2701 1071 2782 regulam
1103 2700 1226 2764 ordinis
1250 2699 1300 2763 sui
1326 2721 1363 2763 ac
1388 2705 1502 2763 contra

316 2791 517 2854 voluntatem
542 2797 694 2870 nostram,
728 2812 787 2855 nec
818 2791 932 2874 petita,
961 2811 1019 2854 nec
1043 2791 1180 2854 obtenta
1203 2811 1222 2852 a
1246 2789 1335 2853 robis
1359 2789 1501 2854 abeundi

315 2885 486 2962 potestate,
510 2901 568 2963 per
601 2881 806 2962 monasteria,
839 2882 889 2944 331
918 2880 983 2944 3113
1007 2881 1117 2964 pocius
1140 2879 1347 2964 receptacula
1370 2879 1501 2960 divaga-

316 2975 440 3051 rentur,
474 2991 533 3034 nec
565 2971 599 3034 in
633 2993 696 3036 uno
729 2971 905 3055 eodemque
937 2971 1015 3051 1333,
1048 2971 1089 3035 ad
1124 2991 1220 3053 quem
1252 2969 1375 3034 scilicet
1399 2991 1432 3033 se
1455 2969 1500 3032 sic

317 3067 439 3124 temere
463 3061 656 3141 conferrent,
681 3082 813 3125 manere
836 3061 964 3141 vellent,
993 3061 1049 3125 sed
1072 3068 1145 3142 post
1168 3059 1320 3140 medium,
1344 3060 1393 3123 vel
1417 3059 1502 3123 31333

316 3171 446 3230 annum,
471 3150 540 3215 sine
564 3151 615 3214 sui
648 3151 823 3233 superioris
855 3152 1033 3230 voluntate,
1067 3171 1180 3214 rursus
1203 3149 1246 3213 ad
1269 3149 1370 3214 alium
1394 3149 1501 3212 locum

315 3240 513 3317 recederent,
537 3241 647 3322 sicque
671 3261 729 3323 per
753 3241 946 3306 eiuscemodi
966 3263 1077 3306 eorum
1097 3239 1349 3304 instabilitatem
1367 3247 1399 3303 et
1416 3239 1500 3304 salu-

315 3336 381 3394 tem
413 3331 578 3414 propriam
612 3331 824 3413 negligerent,
857 3337 890 3395 et
913 3331 993 3396 alios
1027 3331 1128 3394 eciam
1160 3330 1284 3394 talibus
1312 3329 1408 3393 133313
1432 3349 1500 3393 333-

315 3427 505 3502 rumperent
539 3426 572 3485 et
604 3421 879 3503 scandalisarent3
914 3442 1051 3504 queres
1084 3424 1172 3483 33333
1205 3419 1298 3485 nobis
1327 3419 1501 3484 admodum

316 3511 474 3592 displicet,
507 3515 540 3574 et
574 3509 717 3575 dolemus
751 3511 867 3575 talium
898 3511 1042 3576 fratrum
1072 3509 1328 3574 exorbitanciam
1353 3531 1388 3574 eo
1414 3508 1501 3589 13331,

317 3607 354 3664 ut
387 3601 437 3664 331
469 3599 509 3665 (13
542 3601 647 3664 salute
678 3601 819 3684 propria,
853 3601 902 3665 331
934 3599 1122 3666 obediencia
1151 3620 1228 3682 erga
1251 3599 1389 3672 maiores
1413 3599 1502 3664 exhi·

314 3689 423 3754 benda
446 3691 570 3754 nullam
593 3691 724 3773 penitus
748 3712 861 3754 curam
884 3691 1036 3760 habeant.
1070 3688 1181 3771 Quam
1200 3711 1269 3754 rem
1292 3695 1399 3754 333333
1424 3711 1501 3771 quo-

317 3802 380 3862 que
403 3780 603 3863 negligenoie
627 3781 788 3846 ascribere
812 3802 990 3864 possumus,
1016 3779 1072 3863 qui
1096 3799 1169 3843 cum
1193 3800 1232 3843 ex
1257 3779 1367 3845 debito
1392 3785 1501 3843 tenea-

316 3870 397 3934 mini
420 3871 461 3934 ad
485 3871 699 3953 frangendam
732 3871 850 3934 talium
883 3871 1110 3949 temeritatem,
1144 3870 1397 3952 negligenoiores
1421 3869 1501 3934 sitis.

315 3958 368 4024 Ne
398 3960 503 4042 igitur
535 3961 617 4025 33133
658 3961 698 4024 (13
739 3960 936 4044 impunitate
979 3959 1153 4043 gaudeant,
1192 3981 1271 4024 neve
1310 3959 1410 4024 ceteri
1442 3960 1501 4023 hoc

315 4049 461 4132 exemplo
485 4051 663 4116 deteriores
686 4049 776 4131 fiant,
801 4049 1060 4130 deliberavimus,
1085 4055 1123 4113 ut
1139 4049 1215 4114 huic
1234 4051 1386 4114 scandalo
1403 4071 1501 4131 quam

315 4139 457 4222 primum
490 4147 691 4206 occurratur.
724 4140 866 4205 Proinde
890 4141 1036 4204 volumus
1069 4144 1102 4202 et
1134 4138 1349 4204 fidelitatibus
1377 4139 1500 4215 3333313,

312 4229 377 4294 sub
401 4229 590 4294 obediencia
612 4230 782 4296 fidelitatis
806 4230 898 4296 nobis
923 4230 1041 4310 debite,
1066 4229 1183 4294 harum
1214 4229 1296 4294 serie
1319 4228 1501 4294 firmissime

316 4319 549 4384 committimus
585 4327 618 4385 et
650 4321 851 4403 mandamus,
890 4326 936 4402 ut,
975 4319 1116 4402 acceptis
1146 4319 1361 4403 presentibus,
1393 4341 1502 4383 omnes

317 4410 399 4475 tales
431 4409 550 4474 1333333
583 4411 806 4476 inobedientes
839 4416 871 4476 et
902 4415 1012 4493 preter
1036 4409 1237 4474 voluntatem
1261 4415 1402 4474 vestram
1426 4409 1501 4473 hinc

316 4501 391 4564 inde
415 4505 569 4582 vagantes
595 4502 715 4583 ubique
744 4501 888 4566 locorum
912 4500 1112 4583 perquiratis
1136 4508 1169 4564 33
1192 4499 1339 4582 perquiri
1362 4499 1501 4581 13313313,

316 4595 416 4676 atque
440 4590 588 4654 inventos
613 4591 795 4672 detineatis
813 4599 845 4656 et
862 4593 955 4656 iuxta
979 4595 1107 4655 statuta
1132 4590 1255 4654 ordinis
1272 4590 1373 4655 vestri
1386 4591 1501 4674 punia-
