3454 5492
321 459 362 517 56
816 470 1003 514 onnnvnnran

318 650 426 731 jugem
455 647 648 730 impendunt
678 646 807 710 domino
840 647 1044 725 famulatum,
1077 668 1297 728 manuumque
1322 646 1431 710 labore
1457 648 1503 710 vi-

319 745 408 801 ctum
441 759 536 801 suum
568 736 746 818 queritant,
779 757 817 799 ac
841 737 906 800 vite
940 737 1188 800 sanctimoniam
1214 736 1360 820 quotidie
1385 739 1502 800 ceteris

317 827 500 890 fervencius
523 833 556 890 et
581 827 677 890 verbo
702 832 734 889 et
760 826 905 908 exemplo
930 825 1054 891 Christi
1082 825 1233 889 fidelibus
1266 827 1444 890 ostendunt
1468 835 1501 889 et

317 917 504 994 declarant;
529 915 601 979 ideo
625 915 839 997 prescriptam
863 915 1034 979 abbaciam
1058 937 1115 979 seu
1138 915 1372 979 monasterium
1396 917 1502 979 sancti

317 1004 452 1070 Andree
476 1027 496 1069 a
518 1005 655 1088 prefatis
680 1004 841 1070 iratribus
865 1006 969 1069 sancti
1001 1005 1183 1084 Benedicti,
1217 1012 1350 1087 propter
1383 1026 1501 1068 memo-

317 1101 424 1159 ratam
457 1095 634 1160 eorundem
666 1093 827 1157 incuriam
851 1101 884 1158 et
908 1094 1143 1176 negligenciam
1167 1095 1333 1177 vitamque
1365 1095 1502 1158 dissolu-

317 1192 385 1249 tam
417 1192 451 1248 et
484 1184 732 1266 dampnabilem,
766 1183 805 1246 de
838 1177 971 1247 consilio
1005 1185 1210 1248 dominorum
1243 1185 1444 1266 prelatorum
1468 1193 1500 1248 et

316 1275 476 1338 baronum
500 1280 686 1338 nostrorum
709 1273 905 1354 auferentes
929 1273 1026 1337 simul
1050 1295 1124 1336 cum
1147 1275 1297 1338 omnibus
1320 1275 1387 1337 suis
1412 1275 1501 1338 utili-

317 1364 443 1428 tatibus
467 1371 500 1428 et
522 1363 616 1427 bonis
641 1362 883 1444 temporalibus,
911 1363 1008 1426 simul
1033 1370 1065 1427 et
1088 1363 1218 1445 juribus
1243 1365 1500 1446 possessionariis

316 1455 502 1537 antiquitus
535 1453 639 1518 eidem
672 1452 759 1518 datis
791 1458 824 1515 et
856 1453 1024 1532 dedicatis
1057 1453 1113 1517 sed
1146 1458 1179 1516 et
1210 1453 1244 1515 in
1270 1453 1419 1516 futurum
1443 1475 1500 1536 per

316 1564 536 1626 quoscumque
559 1541 670 1606 fideles
694 1547 821 1606 nostros
846 1543 962 1606 dandis
987 1549 1019 1608 et
1043 1543 1255 1622 conferendis,
1275 1564 1315 1607 ex
1338 1543 1444 1607 causis
1468 1552 1500 1606 et

316 1633 502 1697 nacionibus
526 1632 674 1715 superius
699 1631 883 1711 declaratis,
916 1639 1015 1713 atque
1039 1654 1097 1714 pro
1121 1633 1226 1696 salute
1250 1633 1357 1696 anime
1381 1641 1499 1710 nostre,

316 1724 516 1788 sanctissimo
549 1721 655 1785 ordini
687 1720 912 1802 religiosorum
945 1722 1087 1785 fratrum
1120 1721 1353 1786 heremitarum
1394 1723 1499 1787 sancti

315 1813 412 1876 Pauli
434 1807 532 1895 primi
557 1811 722 1890 heremite,
748 1811 780 1874 in
807 1812 885 1875 orbe
908 1811 1171 1892 celebratissimo,
1196 1812 1394 1876 auctoritate
1418 1813 1499 1895 juris

315 1910 510 1985 patronatus
544 1902 647 1964 nostri
680 1901 807 1982 regalia,
841 1901 926 1982 quod
962 1901 1159 1983 generaliter
1191 1901 1225 1965 in
1258 1902 1407 1965 universo
1441 1902 1499 1965 hoc

314 2015 413 2076 regno
438 1999 548 2056 nostro
572 1989 754 2071 Hungarie,
774 1991 989 2072 omnibusque
1014 1991 1155 2055 ecclesiis
1180 1999 1212 2055 et
1237 1991 1440 2055 monasteriis
1465 1992 1498 2054 in

314 2084 425 2148 eodem
459 2081 590 2159 habitis,
624 2081 729 2144 instar
761 2081 1022 2162 predecessorum
1055 2087 1241 2145 nostrorum
1265 2103 1379 2164 regum
1403 2081 1499 2144 Hun-

315 2173 404 2254 garie
429 2170 594 2250 habemuS,
619 2169 776 2249 dedimus,
801 2170 991 2234 donavimus
1007 2176 1040 2233 et
1057 2170 1262 2250 contulimus,
1287 2171 1350 2233 imo
1376 2171 1498 2248 damus,

314 2261 471 2344 donamus
504 2267 537 2323 et
570 2260 773 2337 conferimus
806 2261 878 2341 jure
901 2267 1059 2342 perpetuo
1093 2267 1125 2324 et
1159 2261 1416 2324 irrevocabiliter
1440 2283 1498 2342 per

314 2350 440 2415 eosdem
464 2351 583 2414 fratres
607 2349 783 2413 heremitas
808 2350 993 2428 tenendum,
1026 2350 1242 2429 incolendum,
1275 2350 1497 2432 utendumque

312 2441 438 2523 pariter
462 2447 494 2504 et
519 2439 722 2515 habendum,
754 2439 801 2502 ita
826 2445 936 2502 tamen
960 2440 1047 2520 quod
1071 2439 1133 2522 ipsi
1157 2439 1276 2503 fratres
1300 2439 1350 2503 sui
1374 2439 1497 2503 ordinis

314 2537 364 2594 tot
387 2551 522 2594 numero
547 2549 610 2611 quo
634 2529 815 2591 claustrum
837 2528 919 2592 illud
943 2527 1030 2591 alere
1055 2536 1087 2593 et
1110 2529 1272 2594 sustinere
1294 2531 1425 2612 poterit,
1455 2531 1497 2594 ad

313 2617 498 2683 sufferenda
531 2618 641 2682 divina
679 2615 870 2696 ministeria,
910 2617 988 2680 dare
1020 2625 1053 2682 et
1086 2618 1244 2701 deputare
1284 2620 1425 2684 debeant
1464 2629 1498 2683 et

313 2715 497 2774 teneantur.
521 2708 652 2772 Harum
677 2711 863 2770 nostrarum
886 2713 946 2770 etc.

421 2866 463 2917 Aa
480 2864 541 2918 irat
560 2863 641 2919 aaa:
671 2861 793 2916 Donacio
812 2881 860 2917 seu
880 2863 1070 2932 incorporacio
1089 2865 1206 2919 abbacie
1225 2869 1245 2918 t.
1266 2866 1387 2919 claustro
1419 2867 1496 2919 here·

313 2935 454 2990 initurum.

326 3135 328 3140 ,
421 3085 458 3144 (A
476 3081 567 3134 kassai
587 3082 814 3148 Formulareban,
834 3080 854 3133 f.
875 3081 940 3142 aot.)

420 3268 493 3315 Ezen
511 3263 568 3314 irat
586 3263 717 3316 kaltenek
736 3264 984 3332 megallapitasara
1003 3263 1161 3330 tampontul
1185 3263 1286 3332 szolgal
1315 3281 1345 3316 az
1364 3265 1496 3316 Annatak

313 3333 400 3388 romai
418 3335 682 3404 jegyzolco'nyve'beu
701 3333 802 3403 foglalt
823 3335 974 3387 hovetkezo'
994 3333 1160 3403 fo'lJ'egyzes:

421 3441 490 3494 »Die
509 3441 609 3506 quinta
628 3441 698 3494 dicti
718 3441 818 3494 mensis
831 3446 850 3503 ¹)
869 3459 924 3493 una
944 3442 1023 3494 bulla
1041 3440 1223 3494 extincciouis
1243 3441 1391 3510 dignitatis
1411 3441 1495 3492 abba-

312 3509 390 3566 cialis
410 3513 439 3565 in
459 3513 626 3567 monasterio
645 3513 733 3566 sancti
753 3513 864 3566 Andree
882 3530 967 3580 prope
987 3513 1153 3582 Wyssegrad
1177 3513 1280 3565 ordinis
1300 3513 1390 3564 sancti
1409 3519 1494 3565 Bene-

312 3583 382 3636 dicti
402 3585 598 3655 strigoniensis
627 3585 742 3638 diocesis
762 3588 790 3637 et
809 3585 955 3638 erectionis
975 3585 1005 3637 in
1022 3585 1200 3652 (prioratum)
1219 3586 1270 3637 suh
1290 3584 1364 3637 datis
1382 3589 1495 3648 quarto-

311 3656 418 3710 decimo
438 3657 571 3710 kalendas
590 3657 660 3711 Julii
681 3673 752 3709 anno
773 3655 888 3724 primo«

324 3865 329 3876 ὓ
419 3804 455 3862 (Α
474 3799 563 3852 romai
583 3799 679 3852 allami
698 3800 881 3852 leveltarban.
902 3800 986 3852 Liber
1005 3804 1040 3852 II.
1063 3799 1217 3854 Alexandri
1236 3805 1291 3863 VL,
1312 3799 1331 3853 f.
1354 3804 1423 3858 187.)

311 3931 524 3945 *Qu-.-

420 4017 438 4075 ι)
458 4018 488 4065 Τ.
508 4013 543 4064 i.:
569 4013 654 4066 »Julii
677 4021 769 4066 laea<
