3454 5492
452 451 470 491 A
494 452 614 492 Macran
639 452 697 492 Kllt.
721 452 851 492 unorum
874 452 928 493 JOG
951 441 1179 494 ronrbnnrbflnz.
1346 435 1406 494 llll

718 735 925 802 LXXVIII.

675 903 768 964 1550.
791 900 891 982 julius
918 905 967 963 14.

227 1058 429 1124 Fordiuded
452 1060 546 1126 uacui
569 1081 590 1125 c
613 1058 858 1144 mepbuppdssal
882 1059 976 1125 brtldi
998 1081 1067 1144 arcp
1090 1081 1111 1125 o
1135 1081 1273 1144 propper
1288 1060 1410 1126 advari

229 1149 438 1216 remordeat
462 1170 483 1216 u
506 1147 647 1230 feutebbt'
667 1150 773 1231 pcipci
797 1151 905 1228 irater,
937 1150 1021 1234 bopp
1044 1155 1099 1216 eat
1122 1171 1143 1215 o
1166 1149 1259 1216 odori
1280 1151 1410 1234 perpet

658 1239 806 1306 kereibea
823 1241 979 1324 jettiueso.

333 1399 572 1464 Fordinandus.
782 1461 785 1467 ,
925 1479 928 1483 ,
1099 1463 1101 1468 .

335 1488 602 1555 Transmittimus
637 1491 726 1555 vobis
758 1511 833 1556 oum
865 1489 1072 1572 presentibus
1111 1489 1273 1554 inclusum
1313 1491 1409 1556 breve

227 1580 439 1662 apostolicum
471 1580 605 1664 eiusque
639 1579 839 1664 descriptum
872 1579 1063 1662 exemplum,
1088 1601 1154 1644 una
1182 1601 1256 1644 cum
1288 1581 1409 1646 litteris

226 1671 345 1734 nostris
378 1691 555 1754 earumque
588 1671 741 1754 exemplo,
775 1670 902 1734 ratione
934 1669 1115 1753 spiritualis
1148 1690 1186 1734 ac
1219 1672 1408 1754 temporalis

225 1760 519 1825 administrationis
543 1760 675 1825 ecclesie
699 1758 941 1843 strigoniensis,
966 1780 1064 1842 quam
1099 1781 1202 1842 nuper
1234 1762 1409 1826 reverendo

225 1849 314 1914 fideli
336 1858 447 1914 nostro
471 1851 585 1915 devoto
604 1848 794 1934 Augustino
819 1848 1026 1914 Sbardellato
1049 1849 1150 1915 eleeto
1174 1850 1322 1935 episcopo
1342 1849 1409 1918 Va-

225 1941 325 2003 ciensi
353 1941 528 2005 clementer
562 1939 828 2020 concredidimus,
862 1939 959 2003 sicuti
983 1939 1108 2022 prolixe
1130 1939 1338 2024 intelligetis;
1370 1963 1409 2006 ac

224 2030 373 2094 volumus
405 2038 438 2094 et
471 2031 703 2095 committimus
728 2031 826 2109 vobis,
851 2037 889 2094 ut
913 2029 1039 2093 dictum
1069 2029 1167 2094 breve
1194 2031 1408 2114 apostolicum

224 2120 417 2202 litterasque
440 2127 567 2185 nostras
591 2120 695 2184 eidem
719 2118 927 2185 Sbardellato
943 2121 1185 2202 quamprimum
1201 2121 1407 2204 consignetis,

226 2211 323 2274 simul
347 2218 379 2275 et
403 2231 515 2275 curam
538 2209 723 2274 adhibeatis
748 2230 786 2275 ac
808 2209 1089 2290 animadvertetis,
1118 2217 1156 2276 ut
1180 2209 1256 2276 huic
1279 2213 1407 2275 muneri

224 2306 258 2364 et
298 2300 444 2365 iniunote
477 2321 514 2364 ac
548 2300 732 2364 concredite
763 2299 926 2364 functioni
958 2299 1122 2382 spirituali
1161 2307 1193 2364 et
1233 2300 1405 2384 temporali

223 2389 365 2455 fideliter
389 2398 422 2454 et
446 2390 620 2472 diligenter
645 2389 823 2470 incumbat,
855 2390 958 2472 presit
989 2397 1021 2454 et
1052 2389 1253 2472 satisfaciat;
1283 2393 1408 2474 'tempo-

224 2480 307 2545 ralia
344 2486 464 2559 autem,
502 2482 597 2564 juxta
636 2485 734 2544 antea
766 2501 786 2544 a
817 2479 910 2544 nobis
948 2479 1165 2562 prescriptum
1205 2481 1336 2545 modum
1375 2487 1408 2544 et

224 2569 370 2635 ordinem
403 2569 590 2654 dirigantur
623 2576 655 2634 et
687 2570 969 2634 administrentur.
1002 2567 1109 2652 Quam
1129 2569 1180 2647 ,ob
1215 2590 1280 2634 rem
1317 2569 1407 2635 vobis

224 2661 434 2743 injungimus,
476 2668 513 2725 ut
546 2659 650 2724 eidem
684 2660 783 2725 etiam
818 2662 852 2723 in
886 2659 1120 2742 temporalibus
1159 2659 1306 2743 negotiis,
1345 2681 1408 2742 que

223 2752 314 2833 jussu
338 2757 448 2815 nostro
471 2751 513 2815 ad
537 2771 591 2814 vos
615 2770 739 2832 semper
763 2750 896 2830 deferet,
923 2749 1064 2830 oonsilio,
1097 2749 1246 2832 opinione
1270 2757 1303 2814 et
1327 2748 1406 2813 deli-

224 2840 393 2906 beratione
417 2847 526 2906 vestra
549 2839 738 2924 adjumento
766 2842 854 2921 sitis3
887 2838 1085 2904 difficilliora
1116 2839 1143 2902 si
1177 2860 1239 2922 que
1271 2860 1407 2904 emerse-

224 2932 291 2994 rint
316 2951 441 3013 semper
464 2931 507 2995 ad
530 2951 587 2994 nos
612 2929 798 3010 referentes
830 2930 1061 2994 resolutionem
1094 2936 1239 2993 nostram
1267 2930 1407 3012 desuper

224 3021 409 3102 expectetis,
433 3029 471 3086 ut
493 3022 589 3103 juxta
612 3019 807 3084 sanctissimi
831 3019 954 3084 domini
986 3020 1090 3083 nostri
1114 3040 1196 3101 pape
1223 3020 1407 3101 jussionem,

224 3111 332 3175 omnia
355 3111 389 3174 in
414 3109 656 3194 temporalibus,
688 3109 728 3173 de
761 3118 872 3174 nostro
896 3130 1052 3173 consensu
1076 3110 1109 3173 in
1134 3108 1314 3173 destinatos
1337 3108 1406 3192 pios

225 3223 302 3265 usus
326 3207 568 3265 convertantur.
592 3199 717 3264 Datum
742 3199 795 3264 die
820 3205 862 3264 14
885 3199 971 3264 Julii
995 3220 1079 3264 anno
1105 3201 1199 3262 1550.

331 3289 488 3355 Gamerae
512 3289 733 3371 Hungaricae.

224 3521 251 3571 t,
275 3521 304 3572 'b
332 3449 457 3584 (libredeti
485 3448 672 3518 fogalmazate
691 3467 707 3501 a
725 3448 799 3502 becsi
819 3465 855 3500 cs.
875 3450 903 3500 es
921 3448 949 3500 k.
968 3446 1298 3518 penziigyminiszterium
1323 3447 1405 3500 level-

238 3535 286 3573 ara
307 3537 350 3574 an.

731 3754 903 3818 LXXIX.

678 3924 771 3984 reso.
796 3919 895 4002 julius
924 3923 952 3981 4.

224 4078 254 4142 A
267 4080 360 4159 pcipe
375 4079 408 4139 e's
423 4095 443 4140 o
459 4074 652 4139 biberuolcolr
676 4073 895 4139 lemoudoaule
919 4093 940 4137 u
963 4071 1017 4136 be't
1041 4069 1306 4179 muppcrorsadpi
1326 4077 1404 4150 piis-

487 4166 550 4246 po'lc
574 4164 676 4228 bailleti
699 4167 785 4228 citou
809 4161 968 4242 fiecteudd
993 4161 1138 4244 dijulcrol

329 4329 412 4393 Fuit
436 4328 612 4406 decretum,
635 4333 765 4391 attenta
798 4325 1010 4408 occupatione
1034 4326 1165 4390 maioris
1189 4325 1293 4408 partis
1317 4323 1405 4387 dioe-

224 4421 343 4485 cesium
376 4417 662 4501 infrascriptarum
694 4424 815 4500 septem
845 4415 1052 4480 ecclesiarum
1088 4416 1177 4498 regni
1210 4414 1357 4496 Ungarie
1385 4436 1405 4476 a

226 4510 351 4590 Turris,
385 4508 508 4573 scilicet
540 4505 722 4590 Agriensis,
755 4504 1119 4589 Quinqueecclesiensis,
1143 4502 1404 4588 Vesprimiensis,

224 4599 402 4682 Vaciensis,
441 4598 629 4680 Nitriensis,
666 4596 864 4663 Tininiensis
896 4604 929 4662 et
962 4595 1202 4680 Zagrabiensis
1234 4615 1272 4660 ac
1304 4595 1403 4658 etiam
