3458 5492
296 418 339 478 34
794 408 997 490 osiniensis,

294 612 338 675 ad
362 632 420 674 nos
444 610 626 674 transmitti
650 630 812 692 procures.
831 608 993 674 Dabimus
1017 609 1103 672 enim
1127 629 1266 690 operam,
1287 613 1324 671 ut
1344 608 1480 673 honesta

294 701 494 783 prelatorum
519 707 552 763 et
576 699 737 764 baronum
759 699 983 782 predictorum
1016 697 1186 776 desideria,
1220 705 1382 779 quantum
1405 720 1479 762 cum
1513 775 1519 786 .

295 790 365 854 Deo
381 789 567 872 poterimus,
584 789 792 872 impleantur.
809 788 936 852 Datum
951 789 1054 853 Rome
1070 787 1159 869 apud
1176 793 1326 852 sanctum
1342 788 1479 852 Petrum

295 879 473 946 XXVIII.
498 879 655 943 Ianuarii
678 900 763 942 anno
787 879 900 960 primo.

294 1129 303 1180 l
345 1055 436 1180 'stip
456 1053 583 1189 nptikani
602 1053 795 1124 regeetdkban.
826 1061 886 1106 367.
906 1052 992 1119 kttet,
1015 1061 1081 1106 109³
1096 1053 1175 1106 level.
1200 1059 1225 1106 A
1245 1051 1373 1106 vatikaui
1392 1053 1480 1105 titkos

305 1145 354 1181 eve
381 1144 475 1180 aran.

811 1420 969 1487 XXVII.

736 1605 830 1664 1448.
853 1602 972 1683 januar
997 1604 1047 1662 31.

296 1779 462 1844 Thallocaa'
495 1781 593 1845 Peter
616 1784 648 1844 e‘s
672 1781 814 1846 Frualco'
844 1779 1081 1862 folyaurodaulc
1110 1781 1143 1842 V.
1167 1778 1289 1843 Miletos
1318 1779 1479 1859 pdpdhoa,

294 1869 377 1952 hopp
401 1890 441 1933 aa
464 1869 602 1952 applicat
629 1869 806 1951 jacebuut
831 1870 1009 1950 Zsiprnoad
1043 1869 1154 1950 lircilp
1178 1873 1392 1950 percussura
1416 1873 1479 1930 to'r-

339 1962 408 2023 te'ut
431 1960 654 2043 elidepeua‘te'se
679 1961 759 2025 altat
782 1961 947 2024 ellcdcetett
970 1959 1136 2024 torreretur
1160 1961 1231 2024 ittet
1254 1958 1438 2038 feloldoezo.

401 2139 595 2203 Beatissimo
620 2145 723 2220 pater.
749 2137 844 2203 Alias
871 2145 1014 2222 tempore
1048 2139 1131 2204 boue
1163 2138 1316 2202 memorie
1347 2138 1481 2200 serenis·

294 2229 367 2292 simi
400 2228 522 2292 domini
554 2226 756 2310 Sigismundi
787 2229 928 2295 Romani
960 2229 1168 2310 imperatoris
1199 2248 1324 2310 semper
1348 2227 1479 2308 augusti

294 2316 486 2401 magnificus
519 2318 668 2381 dominus
702 2318 819 2382 Matho
853 2319 893 2382 de
918 2319 1047 2383 Tallocz
1081 2319 1186 2383 banus
1219 2317 1388 2383 Sclavouie
1421 2321 1479 2380 ete.

295 2429 332 2472 ac
357 2406 522 2489 magnifici
554 2407 689 2471 Franko
722 2415 755 2472 et
786 2409 905 2472 Petrus
930 2431 968 2473 ac
992 2408 1162 2472 Johannes
1196 2408 1276 2472 dicti
1310 2406 1480 2470 Mathonis

293 2498 413 2562 fratres
436 2497 593 2576 carnales,
617 2497 656 2560 de
680 2498 835 2562 mandato
860 2499 941 2561 dicti
969 2498 1184 2580 imperatoris,
1208 2497 1382 2561 nonnullas
1414 2517 1479 2558 me-

293 2587 508 2670 tropolitanas
525 2593 558 2650 et
574 2587 777 2651 cathedrales
799 2588 956 2667 ecclesias,
981 2589 1142 2668 abbatiae,
1166 2589 1341 2670 prioratus,
1366 2606 1479 2668 prepo-

294 2677 423 2756 situras,
445 2676 731 2740 archidiaconatus
748 2698 785 2741 ac
802 2677 946 2741 claustra
964 2684 996 2741 et
1012 2677 1214 2760 parochiales
1238 2677 1397 2754 ecclesias,
1421 2696 1479 2757 per

293 2767 479 2829 universum
495 2769 633 2848 regnum
650 2765 824 2849 Hungarie
849 2774 881 2830 et
905 2774 1015 2848 partes
1039 2768 1225 2832 adiacentes
1244 2768 1273 2831 ei
1289 2766 1478 2842 constituta,

292 2855 332 2918 de
364 2856 452 2920 facto
485 2862 735 2937 occupaverunt,
758 2857 896 2937 fructae,
922 2856 1070 2921 redditus
1104 2865 1135 2921 et
1168 2862 1343 2939 proventus
1368 2877 1478 2920 eorum

292 2945 438 3010 indebite
479 2946 696 3028 percipiendo,
737 2947 775 3010 de
809 2947 928 3027 quibus
962 2947 1111 3012 omnibus
1147 2947 1252 3011 eidem
1290 2944 1480 3026 imperatori

292 3035 369 3098 dum
394 3037 517 3100 viveret
541 3037 701 3100 rationem
725 3035 900 3116 faciebant,
932 3037 1023 3100 etin
1047 3059 1142 3101 usum
1167 3037 1247 3100 dicti
1272 3035 1478 3118 imperatoris

292 3133 325 3187 et
348 3125 515 3207 proprium
541 3126 782 3205 convertebant,
806 3133 866 3189 aut
890 3126 970 3190 alias
993 3128 1088 3209 juxta
1114 3127 1272 3190 mandata
1295 3126 1396 3208 ipsius
1421 3124 1478 3185 im-

293 3215 453 3295 peratoris
478 3214 702 3296 disponebant,
727 3237 765 3280 ac
789 3215 919 3278 demum
943 3216 1030 3280 dicto
1055 3217 1249 3298 imperatore
1274 3215 1342 3278 vita
1366 3214 1479 3277 functo

293 3310 325 3366 et
350 3304 599 3369 succedentibus
623 3305 696 3368 aliis
720 3305 853 3386 regibus
876 3306 998 3388 prelati
1022 3306 1142 3370 fratres
1166 3307 1273 3370 adhuc
1296 3306 1408 3387 aliqua
1440 3325 1480 3366 ex

292 3395 489 3474 supradictis
514 3395 663 3458 similiter
687 3403 845 3476 occupata
869 3396 1087 3475 retinuerunt,
1109 3396 1237 3460 fructus
1256 3395 1379 3479 partim
1395 3395 1479 3475 regi-

291 3482 351 3546 bus
385 3484 500 3547 dautes
533 3491 565 3548 et
599 3484 719 3566 partim
752 3485 785 3546 in
819 3485 967 3567 proprios
1006 3507 1083 3549 usus
1123 3492 1355 3550 convertentes
1396 3482 1478 3548 Oum

291 3579 410 3652 autem,
436 3574 520 3637 sicut
543 3574 669 3654 placuit
698 3573 777 3654 Deo,
802 3575 919 3640 Matho
943 3582 976 3639 et
1000 3576 1169 3640 Johannes
1198 3576 1315 3641 fratres
1339 3573 1479 3656 predicti

292 3662 377 3725 diem
402 3663 591 3728 clauserunt
616 3664 778 3744 ultimum,
803 3671 836 3728 et
860 3665 994 3730 Franko
1018 3666 1104 3730 alter
1128 3688 1239 3730 eorum
1265 3665 1369 3728 frater
1393 3681 1480 3725 nunc

291 3753 373 3833 proh
397 3753 488 3818 dolor
511 3752 545 3816 iu
570 3753 629 3816 hoc
654 3754 769 3818 ultimo
794 3753 948 3819 conflictu
972 3756 1227 3820 christianorum
1247 3775 1321 3818 cum
1338 3751 1478 3816 Turchis

291 3841 413 3905 dicitur
438 3842 654 3924 succubuisse,
679 3845 801 3908 relictis
835 3846 979 3926 quinque
1011 3846 1119 3927 parvis
1152 3843 1236 3924 filiis,
1272 3843 1479 3926 supersitque

292 3939 328 3994 ut
362 3932 508 3995 creditur
541 3933 627 3996 solus
660 3933 851 4015 magnificus
887 3934 1007 3998 Petrus
1048 3940 1186 4016 quartus
1226 3955 1337 3997 eorum
1376 3933 1479 3996 frater

291 4019 422 4084 (hostie
447 4023 560 4100 banus
576 4024 632 4104 qui
656 4024 757 4087 etiam
780 4023 820 4087 de
842 4025 987 4105 presenti
1010 4024 1123 4105 aliqua
1147 4023 1231 4088 bona
1257 4046 1296 4088 ex
1324 4023 1479 4105 predictis

290 4117 451 4193 occupata
475 4118 573 4192 tenet,
600 4134 661 4194 que
685 4112 787 4176 libere
810 4120 946 4194 paratus
971 4119 1020 4176 est
1044 4113 1219 4193 dimittere,
1237 4137 1274 4179 ac
1298 4123 1370 4195 post
1395 4133 1480 4176 ruor-

292 4207 358 4262 tem
383 4200 463 4263 dicti
487 4200 665 4282 Mathonis,
681 4223 740 4284 per
763 4203 934 4266 nonnullos
958 4203 1103 4267 illustres
1132 4205 1295 4286 principes
1320 4212 1352 4268 et
1377 4204 1479 4267 dorni-

291 4311 356 4368 nos,
374 4290 495 4354 fratres
514 4292 654 4373 predicti
679 4292 915 4374 principalibus
939 4293 1066 4372 castris,
1091 4293 1242 4357 dominiis
1267 4301 1299 4356 et
1324 4295 1479 4376 possesio·

290 4379 387 4443 nibus
421 4381 487 4444 suis
520 4402 578 4462 pro
611 4381 726 4445 maiori
759 4389 854 4463 parte
886 4383 1016 4463 spoliati
1050 4384 1125 4461 sint,
1151 4390 1342 4465 restantque
1373 4405 1478 4466 pauca

226 4470 229 4478 “
290 4468 390 4533 Petro
414 4476 448 4532 et
472 4469 645 4533 heredibus
670 4471 751 4534 dicti
775 4471 979 4550 Franhonis3
1005 4481 1178 4556 eapropter
1201 4495 1240 4536 ex
1265 4481 1359 4554 parte
1385 4474 1479 4537 Petri

291 4567 321 4622 et
335 4559 527 4638 Frankonis,
542 4560 568 4622 si
584 4559 692 4624 forsan
703 4563 834 4642 viveret,
846 4563 895 4625 vel
909 4563 1011 4644 ipsius
1026 4563 1177 4630 liliorum.
1191 4569 1294 4626 vestre
1308 4565 1478 4628 sanctitati
