3458 5492
317 412 379 470 146
811 419 997 471 ounnvdnrln

314 612 506 687 patronat03
538 614 571 671 et
604 607 637 670 in
671 628 791 671 somma
816 608 832 670 e
857 607 931 688 quel
961 607 1019 669 che
1044 607 1196 669 conviene
1221 605 1287 668 alla
1310 606 1439 688 dignita
1463 607 1498 668 di

315 699 431 777 questa
454 703 549 760 santa
573 696 655 760 sede.
690 697 860 778 Eperche
892 697 976 759 nelle
1008 697 1124 759 lettere
1154 695 1188 758 di
1221 701 1345 760 cotesta
1373 698 1496 759 maesta

315 787 340 848 si
364 785 451 865 vede,
476 786 534 849 ohe
559 786 628 865 ella,
655 807 742 849 come
766 787 799 849 di
823 787 969 850 autorita
992 785 1133 867 propria,
1162 805 1220 848 usa
1245 785 1497 848 assolutamente

313 875 343 937 le
367 875 436 938 voci
460 875 493 938 di
516 875 692 954 nominare,
716 882 911 957 presentare,
929 876 1084 956 eleggere,
1101 875 1187 952 dare,
1213 873 1381 954 conferire,
1407 880 1497 937 tran-

314 964 428 1028 sferire
452 972 484 1029 et
507 963 636 1030 offerire
659 986 716 1047 per
739 986 843 1029 essere
867 965 1051 1029 confirmati
1068 970 1100 1026 et
1120 965 1300 1028 consecrati
1315 965 1339 1027 li
1355 965 1496 1046 soggetti

314 1053 362 1116 ch’
388 1053 450 1116 ella
472 1075 614 1136 propone
638 1077 695 1137 per
717 1055 747 1118 le
772 1054 877 1118 chiese
901 1055 933 1119 di
959 1075 1016 1118 suo
1040 1055 1091 1136 jus
1115 1060 1298 1136 petronate,
1327 1075 1421 1118 senza
1445 1053 1497 1116 iar

315 1144 477 1208 mentione
501 1144 534 1207 di
559 1166 617 1208 sua
642 1146 773 1224 santita,
806 1151 839 1208 et
863 1144 887 1206 li
911 1144 1016 1208 istessi
1044 1143 1189 1226 proposti
1213 1144 1240 1206 si
1264 1144 1495 1207 sottoscrivono

314 1254 371 1314 per
395 1234 504 1312 eletti;
538 1238 612 1298 sara
645 1235 727 1298 bene
751 1235 809 1297 che
832 1235 1031 1314 vossignoria
1059 1254 1118 1296 6611
1142 1234 1174 1296 la
1198 1233 1356 1297 desterita
1380 1233 1438 1296 che
1462 1233 1496 1295 in

315 1329 430 1404 questo
454 1327 568 1406 sapora
593 1346 695 1402 usare,
720 1331 852 1388 avverta
875 1323 899 1388 il
924 1323 1113 1386 cancelliero
1138 1322 1189 1385 del
1213 1343 1257 1388 re.
1290 1323 1348 1386 6116
1372 1323 1397 1386 si
1423 1342 1497 1386 oon·

313 1411 411 1476 1611111
434 1434 491 1494 por
515 1414 535 1476 l'
559 1415 708 1478 avvenire
733 1435 792 1479 con
816 1414 846 1476 lo
870 1413 943 1476 stile
968 1413 1000 1476 di
1026 1419 1141 1494 questa
1165 1418 1254 1475 corte
1278 1435 1295 1476 e
1319 1434 1379 1476 oon
1403 1411 1423 1474 l'
1440 1433 1496 1475 uso

315 1501 392 1566 delli
415 1503 493 1566 altri
525 1503 673 1584 principi,
706 1503 819 1584 poiche
852 1501 957 1566 1161111
983 1501 1211 1585 pregiuditiale
1235 1524 1254 1565 a
1279 1524 1338 1565 sua
1360 1503 1497 1565 maiesta

315 1593 355 1654 ne
379 1591 417 1655 de
442 1592 638 1656 detrimento
670 1593 735 1656 alla
768 1615 827 1656 sua
859 1592 1004 1656 autorita
1037 1593 1135 1674 regia.
1167 1589 1347 1654 Avvertira
1370 1611 1450 1654 anco
1473 1591 1496 1653 li

315 1681 474 1745 nominati
498 1681 556 1744 che
580 1705 644 1746 non
669 1683 695 1746 si
719 1682 946 1746 sottoserivino
969 1683 1010 1744 ne
1034 1681 1061 1744 si
1085 1681 1209 1745 saccino
1243 1681 1406 1745 chiamare
1438 1703 1497 1763 per

315 1771 415 1834 eletti.
449 1773 701 1854 Evossignoria
724 1793 843 1836 ancora
867 1771 945 1834 nelli
974 1771 1123 1853 processi,
1157 1772 1215 1834 che
1240 1772 1281 1834 da
1306 1771 1361 1853 qui
1386 1771 1514 1833 avanti-

317 1863 391 1924 sara
414 1881 472 1943 per
497 1861 644 1942 formare,
669 1861 823 1925 ordinar'a
847 1862 905 1924 6116
929 1861 956 1924 si
973 1861 1091 1924 osservi
1107 1861 1132 1924 il
1146 1861 1320 1926 medesirno
1344 1861 1446 1939 modo,
1471 1860 1494 1922 il

315 1951 411 2032 quale
442 1951 533 2014 viene
565 1972 706 2033 espresso
731 1951 787 2033 piu
811 1951 1040 2016 distesamente
1072 1951 1144 2013 nell’
1168 1951 1292 2014 incluso
1315 1950 1413 2030 foglio
1438 1950 1496 2014 6116

314 2039 344 2101 16
377 2041 494 2104 mando
519 2063 538 2104 a
561 2049 675 2122 questo
709 2040 858 2122 effector)
894 2039 962 2105 Oen
997 2040 1055 2104 che
1087 2041 1116 2103 16
1145 2062 1244 2122 prego
1269 2041 1310 2104 da
1334 2039 1398 2102 Dio
1422 2040 1498 2121 ogni

316 2129 499 2194 desiderato
523 2137 684 2194 contente.
710 2130 754 2195 Di
778 2131 883 2194 Roma
906 2131 930 2194 il
954 2131 987 2192 di
1013 2135 1062 2193 20.
1087 2130 1120 2193 di
1144 2130 1286 2194 Febraio
1314 2134 1407 2194 1610.

424 2291 460 2351 (A
480 2288 607 2340 vatikrini
626 2291 808 2342 leveltarban.
829 2287 956 2340 Nuntiat.
977 2291 1068 2340 Germ.
1088 2292 1148 2339 Vol.
1171 2295 1221 2352 26,
1241 2285 1259 2338 f.
1284 2289 1407 2348 52-54.)

860 2578 952 2644 CIX.

733 2746 826 2804 1610.
850 2741 1010 2804 marczius
1036 2746 1085 2804 13.

315 2903 345 2968 Α
377 2903 459 2967 beeri
490 2904 636 2968 nuntius
653 2904 771 2986 jelcuti
803 2905 958 2985 1161611116,
982 2907 1065 2990 kopp
1096 2927 1117 2970 6
1147 2905 1350 2988 lepidaelebbi
1379 2905 1497 2986 fdpupi

316 2993 483 3058 lriaeoere's
507 2994 703 3058 ullulmdvol
727 2996 787 3060 odo
811 2995 864 3078 fop
888 2995 995 3076 116161,
1018 2997 1102 3080 11691]
1126 3017 1147 3060 u
1173 2996 1299 3060 cauom·
1325 2995 1378 3078 jop
1404 2996 1496 3059 eluci·

507 3085 571 3146 11611
595 3083 756 3168 mepfelelt'
780 3082 972 3167 lifejcre'rclc
996 3086 1303 3150 hoszndltussunolr.

422 3241 479 3307 Gli
503 3245 604 3309 errori
629 3243 687 3308 che
711 3245 767 3326 qui
791 3246 817 3308 si
838 3252 1054 3310 commettono
1080 3247 1162 3310 nelle
1186 3246 1421 3328 presentationi
1445 3244 1497 3308 dei

315 3334 438 3396 vescovi
456 3334 484 3396 d'
502 3333 659 3416 Ungaria,
679 3341 711 3398 et
731 3335 789 3397 che
813 3335 1010 3417 vossignoria
1035 3337 1255 3400 illustrissima
1272 3337 1316 3399 mi
1333 3336 1365 3398 fa
1382 3334 1497 3397 vedere

316 3423 349 3486 in
378 3445 444 3486 una
477 3423 560 3487 delle
584 3445 639 3486 sue
663 3424 788 3500 lettere,
812 3425 929 3488 furono
953 3425 987 3489 in
1011 3427 1118 3490 buona
1152 3434 1246 3508 parte
1278 3425 1430 3490 avvertiti
1455 3423 1497 3487 da

315 3533 373 3591 me,
407 3513 465 3576 che
488 3535 528 3576 ne
553 3513 652 3577 hebbi
675 3514 709 3576 in
733 3514 887 3578 Possonio
919 3515 1018 3596 lungo
1051 3516 1195 3580 discurso
1219 3537 1278 3580 con
1301 3517 1320 3579 l'
1345 3514 1497 3578 illustris-

315 3603 395 3666 simo
418 3603 528 3684 signer
552 3603 716 3666 cardinale
741 3604 774 3666 di
799 3601 974 3686 Strigonia.
1009 3605 1051 3668 In
1074 3627 1197 3670 somma
1220 3607 1230 3667 1
1254 3605 1413 3669 nominati
1443 3602 1497 3666 dal

316 3714 350 3755 16
375 3693 483 3756 subito
508 3692 589 3774 dopo
615 3693 713 3756 haver
737 3693 857 3757 havuto
882 3695 912 3757 le
936 3695 1052 3758 lettere
1076 3696 1109 3758 di
1133 3717 1192 3758 sua
1215 3699 1339 3758 maesta
1368 3695 1450 3758 oltre
1473 3693 1497 3756 il

316 3782 415 3864 goder
439 3782 512 3845 dell'
537 3788 665 3846 entrate
689 3789 721 3846 et
745 3783 830 3847 della
855 3783 1093 3864 giurisdizione,
1128 3786 1234 3848 hanno
1262 3806 1350 3848 come
1374 3783 1497 3847 vescovi

315 3871 410 3954 luogo
435 3872 488 3934 nei
511 3873 635 3936 comitii
659 3879 692 3936 et
715 3873 742 3935 si
766 3873 935 3936 chiamano
960 3875 1068 3952 eletti;
1093 3896 1163 3938 cose
1188 3874 1274 3938 tutte
1299 3875 1347 3938 oh'
1364 3874 1394 3938 io
1418 3873 1497 3938 dan-

316 3962 369 4024 nai
394 3961 426 4024 al
450 3962 559 4043 signer
584 3962 757 4039 cardinale,
781 3963 959 4026 invocando
983 3965 1007 4026 il
1031 3986 1087 4028 suo
1111 3965 1202 4028 aiuto
1226 3965 1343 4046 perehe‘
1359 3965 1385 4027 si
1402 3963 1497 4026 11161-

318 4071 464 4130 masserO,
489 4059 522 4115 et
546 4073 604 4114 sua
628 4052 770 4134 signoria
795 4053 1015 4118 illustrissima
1039 4056 1083 4117 mi
1107 4055 1237 4136 rispose,
1262 4055 1320 4118 che
1345 4052 1432 4117 Siste
1455 4052 1496 4115 V.

316 4140 350 4202 di
374 4147 468 4203 santa
501 4143 655 4205 memoria
685 4163 788 4204 messe
811 4146 839 4205 a·
855 4164 911 4206 suo
936 4150 1043 4224 tempo
1067 4145 1086 4206 l'
1110 4145 1222 4207 istesso
1246 4143 1412 4221 difficolta,
1444 4164 1497 4205 ma

316 4229 374 4292 cho
407 4229 583 4294 informato
616 4231 667 4294 dei
700 4232 888 4312 particolari
921 4234 1070 4314 privilegi
1103 4235 1154 4298 del
1178 4255 1213 4296 re
1237 4233 1266 4296 d’
1292 4233 1440 4315 Ungaria
1464 4239 1496 4294 et

316 4319 368 4382 dei
392 4320 509 4401 prelati
535 4320 586 4383 del
610 4341 709 4403 regno
734 4321 767 4383 in
792 4329 906 4402 questo
929 4330 1032 4404 punto
1055 4325 1297 4406 precisamente,
1313 4343 1377 4385 non
1401 4343 1442 4384 ne
1465 4321 1497 4385 fe

424 4554 444 4606 ¹)
458 4550 602 4612 Hianyzik.
