3458 5492
437 488 455 527 Α
479 487 600 526 meran
623 487 682 527 xm.
706 487 838 527 unorum
862 487 915 526 JOG
939 474 1165 529 ubsrtunxtnnz.
1332 469 1394 530 137

213 667 286 741 stet,
313 661 417 742 legem
449 660 604 744 scriptam
628 682 666 724 ex
690 660 820 725 decreto
845 663 936 743 regni
962 661 1156 745 Hungariae
1190 667 1395 728 transumen-

214 751 297 829 dam,
330 757 363 815 et
387 751 558 815 serenitati
590 756 717 815 vestrae
748 750 945 816 offerendam
979 773 1047 817 esse
1072 775 1146 816 cum
1169 753 1395 836 praesentibus

213 841 382 919 voluimus,
415 863 452 904 ex
486 862 551 923 qua
584 840 754 905 manifeste
786 848 931 924 apparet,
964 864 1028 906 non
1062 864 1128 907 9999
1155 843 1319 926 persimile
1343 845 1395 926 jus

213 936 407 1015 patronatus
439 931 524 1013 regis
558 930 752 1013 Hungariae
783 931 850 1014 juri
882 931 1020 996 aliorum
1053 953 1175 1016 regum.
1218 931 1394 1015 Speremus

213 1023 334 1104 itaque,
367 1021 454 1103 quod
478 1042 537 1086 sua
561 1021 713 1103 majestas
736 1022 799 1086 isto
822 1029 880 1086 s'uo
902 1023 1059 1106 peculiari
1083 1022 1163 1104 jure,
1187 1024 1292 1088 instar
1316 1023 1394 1088 alio-

213 1134 287 1176 rum
303 1112 508 1176 dominorum
525 1109 719 1194 Hungariae
735 1132 848 1195 regum
865 1117 987 1192 utetur,
1012 1119 1045 1177 et
1062 1112 1144 1177 illud
1168 1113 1271 1177 modis
1294 1113 1395 1178 omni-

213 1202 274 1266 bus
298 1201 456 1282 tuebitur,
469 1200 617 1285 nihilque
642 1221 681 1265 ex
705 1223 741 1266 eo
765 1202 922 1282 remittet,
945 1203 1037 1284 cujus
1060 1225 1118 1286 per
1142 1209 1192 1267 tot
1215 1203 1344 1268 saecula
1360 1203 1395 1267 in

213 1292 367 1357 continuo
400 1299 433 1355 et
465 1291 546 1356 reali
579 1312 641 1355 usu
674 1312 766 1374 reges
794 1291 989 1375 Hungariae
1012 1292 1145 1376 pacifice
1168 1295 1394 1376 perstiterunt.

213 1382 262 1447 Ut
285 1382 427 1466 primum
450 1381 554 1464 igitur
577 1403 637 1446 sua
660 1383 822 1464 majestas,
843 1383 916 1465 jure
934 1403 992 1446 suo
1011 1388 1214 1466 patronatus,
1231 1384 1395 1466 episcopa-

214 1478 285 1536 tum
309 1474 342 1536 in
366 1471 543 1554 Hungaria
566 1471 664 1535 alicui
688 1472 824 1554 confert,
847 1473 961 1537 statim
984 1473 1012 1536 is
1035 1493 1074 1537 ex
1093 1473 1224 1539 decreto
1243 1480 1277 1538 et
1293 1475 1394 1538 veteri

213 1562 306 1645 regni
330 1560 525 1644 Hungariae
550 1563 784 1626 consuetudine
807 1563 1037 1645 possessionem
1061 1563 1265 1646 episcopatus
1280 1585 1394 1647 appre-

213 1653 336 1732 hendit,
360 1658 394 1716 et
416 1673 475 1734 pro
499 1653 600 1717 electo
624 1652 772 1736 episcopo
796 1659 955 1733 censetur,
970 1659 1070 1735 prout
1086 1675 1210 1736 semper
1234 1654 1275 1719 ab
1300 1655 1395 1718 initio

212 1742 379 1825 regiminis
402 1742 469 1806 divi
493 1740 653 1825 Stephani
675 1743 770 1825 regis,
795 1763 897 1826 usque
920 1743 962 1807 ad
981 1749 1188 1826 praesentem
1208 1745 1301 1825 diem,
1319 1745 1394 1808 talis

212 1854 270 1917 pro
294 1833 396 1896 electo
419 1838 561 1912 vocatus,
584 1831 725 1914 scriptus
751 1839 784 1896 91
805 1832 939 1897 habitus
963 1833 1037 1915 fuit,
1063 1839 1095 1898 et
1120 1835 1172 1898 rix
1197 1856 1393 1919 quemquam

212 1923 369 1987 hactenus
393 1923 516 1987 dehoc
539 1921 706 1987 dubitasse
730 1929 856 1988 certum
880 1929 936 1988 est.

320 2012 388 2078 Ubi
412 2033 486 2076 vero
518 2013 758 2077 illustrissimus
790 2013 941 2078 dominus
974 2013 1150 2078 cardinalis
1174 2014 1242 2078 eius
1266 2035 1394 2096 quoque

214 2125 271 2167 nos
294 2102 514 2168 admonendos
538 2123 606 2168 esse
629 2103 753 2184 scribit,
777 2125 817 2167 ne
841 2103 1123 2169 confirmationum
1156 2102 1394 2187 expeditionem

214 2193 425 2276 negligamus,
449 2200 508 2258 aut
532 2193 691 2257 diuturna
713 2195 1008 2277 procrastinatione
1032 2195 1196 2276 negligere
1218 2193 1394 2274 videamur,

212 2284 334 2366 optime
357 2283 450 2348 nobis
473 2284 629 2366 suggerit,
662 2290 700 2347 ut
724 2285 893 2348 serenitati
919 2291 1046 2348 vestrae
1078 2283 1287 2363 declaremus
1319 2305 1394 2348 con·

211 2373 433 2437 firmationum
466 2373 703 2456 expeditionem
736 2394 800 2437 non
825 2395 863 2438 ex
890 2380 986 2457 parte
1017 2380 1130 2439 nostra
1162 2374 1292 2457 negligi.
1325 2373 1394 2438 Nos

212 2463 297 2528 enim
320 2465 432 2528 statim
451 2470 524 2546 post
544 2463 687 2528 diaetam
702 2485 788 2528 anno
804 2464 978 2546 superioris
993 2471 1169 2546 peractam,
1188 2464 1393 2546 praedictum

213 2553 427 2618 Franciscum
451 2553 680 2635 Dictalevium,
697 2555 917 2638 praepositum
935 2553 1154 2636 Saghiensem,
1170 2553 1394 2618 communibus

213 2645 332 2709 nostris
357 2645 512 2727 expensis,
535 2645 570 2708 in
594 2644 708 2709 urbem
733 2644 961 2727 expedivimus
986 2650 1024 2708 ut
1054 2643 1314 2710 confirmationes
1338 2665 1393 2708 no-

211 2739 297 2799 stras
312 2741 442 2799 mature
458 2734 673 2817 expediendas
689 2740 830 2815 curaret,
844 2740 1030 2800 sanctorum
1047 2735 1265 2818 apostolorum
1281 2734 1394 2799 limina

212 2825 341 2889 nomine
365 2831 475 2888 nostro
499 2824 656 2906 visitaret,
681 2831 713 2888 et
737 2825 802 2890 9119
826 2827 1016 2905 necessaria,
1033 2825 1073 2889 de
1097 2825 1217 2908 quibus
1239 2846 1297 2890 nos
1320 2825 1394 2888 illu-

211 2914 391 2980 strissimus
415 2915 564 2980 dominus
588 2914 763 2979 cardinalis
779 2912 965 2979 Gesualdus
988 2916 1207 2980 admonendos
1230 2935 1297 2980 esse
1321 2935 1394 2980 con-

211 3011 269 3085 set,
293 3005 381 3087 apud
405 3025 497 3070 suam
521 3006 731 3069 sanctitatem
755 3012 788 3069 91
810 3005 919 3068 sedem
940 3005 1151 3088 apostolicam
1174 3007 1238 3069 rite
1260 3026 1394 3087 perage·

211 3101 270 3159 ret.
304 3095 345 3158 In
379 3095 499 3177 quibus
530 3095 653 3159 bonum
686 3115 814 3178 quoque
845 3115 1051 3178 progressum
1084 3095 1223 3159 eundem
1245 3101 1393 3160 nostrum

211 3190 362 3267 agentem
384 3185 498 3248 fecisse
514 3189 547 3247 et
562 3184 782 3249 visitationem
800 3184 962 3249 liminium
981 3185 1201 3268 apostolorum
1224 3185 1394 3268 peregisse,

212 3296 251 3339 cx
282 3275 387 3340 literis
419 3275 630 3340 illustrissimi
670 3275 792 3339 domini
830 3274 1006 3341 cardinalis
1044 3273 1194 3340 Oaraffae
1227 3281 1260 3338 et
1292 3275 1394 3358 ipsius

212 3367 315 3428 nostri
338 3366 474 3448 agentis,
508 3387 589 3448 quas
617 3370 765 3447 uterque,
790 3372 864 3449 post
888 3371 1055 3430 emanatas
1078 3365 1158 3430 istas
1182 3365 1393 3429 illustrissimi

212 3454 334 3520 domini
367 3455 542 3520 cardinalis
575 3453 734 3520 Gesualdi
767 3456 880 3520 literas
912 3456 1100 3539 frequentes
1132 3455 1175 3519 ad
1207 3453 1264 3518 nos
1292 3455 1392 3534 dedit,

211 3545 439 3610 intelleximus.
472 3542 567 3627 Quod
600 3551 710 3610 autem
742 3546 1001 3610 confirmationes
1032 3551 1164 3610 nostrae
1188 3545 1316 3609 tardius
1340 3565 1393 3608 ex·

211 3635 396 3718 pectatione
421 3639 533 3699 nostra
558 3635 783 3718 expediantur,
816 3636 849 3699 id
875 3641 962 3701 certe
995 3635 1088 3700 nobis
1121 3635 1294 3718 plusquam
1319 3635 1393 3698 illu-

211 3724 369 3789 strissimo
386 3724 546 3790 cardinali
562 3726 733 3790 molestum
749 3731 807 3806 est,
838 3731 870 3788 et
889 3747 954 3807 qua
972 3725 1031 3790 fiat
1048 3719 1174 3808 (causa)
1195 3725 1281 3807 quod
1297 3727 1331 3788 in
1348 3726 1394 3789 eis

211 3815 419 3898 expediendis
450 3821 564 3879 tantae
595 3815 808 3879 suboriantur
842 3815 1063 3896 difficultates,
1098 3837 1155 3879 nos
1186 3815 1277 3880 latet.
1319 3814 1393 3878 Hoc

211 3904 372 3987 siquidem
392 3905 592 3986 temporibus
608 3910 846 3968 antecessorum
866 3912 1051 3969 nostrorum
1076 3926 1244 3987 nunquam
1268 3905 1393 3969 factum

211 4003 268 4059 est.
293 3993 491 4060 Ourabimus
515 4001 624 4058 tamen
648 3995 747 4058 etiam
771 3997 805 4058 in
828 4001 996 4078 posterum
1019 3995 1061 4075 id,
1095 3995 1181 4078 quod
1206 3994 1394 4059 obedientes

211 4091 322 4150 sancte
345 4085 460 4148 matris
484 4084 636 4149 ccclesiae
659 4084 742 4149 filios
766 4085 866 4165 decet,
896 4107 936 4148 ne
960 4085 1079 4150 nostris
1102 4083 1219 4149 officiis
1242 4084 1392 4165 desimus

211 4196 251 4239 ne
275 4175 343 4239 ulla
365 4174 400 4238 in
424 4195 459 4237 re
482 4195 574 4238 suam
598 4175 807 4240 sanctitatem
840 4195 878 4241 ac
911 4175 1019 4239 sedem
1051 4175 1261 4258 apostolicam
1293 4173 1392 4240 offen-

211 4264 335 4329 damus.
372 4262 486 4346 Atque
520 4264 598 4328 haec
641 4270 743 4344 erant,
787 4287 870 4348 quae
901 4266 945 4330 ad
977 4265 1169 4331 mandatum
1206 4265 1393 4330 serenitatis

211 4359 346 4435 vestrae,
370 4354 409 4418 de
433 4355 537 4418 literis
560 4354 772 4418 illustrissimi
796 4355 918 4418 domini
951 4355 1126 4420 cardinalis
1158 4353 1317 4421 Gcsualdi
1342 4376 1391 4419 re-

210 4444 352 4508 scribere
376 4444 555 4525 debuimus,
579 4444 799 4526 supplicantes
814 4446 984 4509 serenitati
1003 4452 1137 4526 vestrae,
1155 4451 1192 4510 ut
1208 4467 1279 4509 eam
1295 4446 1408 4510 huius

211 4533 333 4617 negotii
367 4541 538 4617 paternam
572 4555 684 4598 curam
716 4556 782 4598 una
814 4555 888 4599 cum
924 4557 983 4599 sua
1021 4536 1193 4619 maiestate
1231 4536 1392 4618 suscipere

211 4623 374 4708 dignetur,
414 4645 453 4690 ne
493 4624 570 4713 quid
611 4623 839 4693 beneficiorum
873 4625 907 4692 in
939 4625 1091 4712 Hugaria
1130 4625 1300 4692 collatione
1334 4648 1392 4692 sua
