3436 5500
467 475 486 512 n
510 474 631 514 unsvers
655 475 714 513 ins.
737 475 868 514 naevum
891 475 944 514 roo
968 463 1196 514 rbnrtxnrvtnnz.
1376 457 1417 516 23

233 646 316 710 inibi
340 645 485 729 dignitas
508 645 698 728 principalis
717 645 838 725 existit,
858 666 915 727 per
933 645 1060 710 obitum
1077 646 1242 728 quondam
1258 646 1418 728 Stephani

234 737 273 799 de
298 736 400 800 Brick
423 743 517 800 extra
540 736 723 800 Romanam
747 737 872 798 curiam
896 735 1052 814 defuncti,
1076 736 1300 800 devotissimus
1334 737 1418 800 eius-

234 827 307 890 dem
348 825 535 889 sanctitatis
578 830 611 889 et
648 825 796 888 Romane
829 825 960 888 ecclesie
999 824 1087 888 filius
1120 826 1323 890 Wladislaus
1361 847 1419 891 rex

233 915 379 979 Pollonie
412 919 472 978 etc.
506 915 627 978 dictam
660 914 907 997 preposituram,
940 919 978 978 ut
1010 915 1217 997 premittitur
1240 921 1418 998 vacantem,

234 1007 349 1069 devoto
382 1011 488 1068 vestro
521 1004 658 1069 Nicolao
682 1004 774 1067 Bodo
804 1004 843 1067 de
868 1002 1001 1086 Giurgij
1027 1005 1142 1069 clerico
1166 1004 1417 1088 Quinqueeccle·

233 1095 338 1174 siensi,
363 1095 561 1158 auctoritate
584 1093 746 1176 privilegii
769 1094 947 1176 apostolici,
971 1095 1113 1158 contulit
1137 1100 1170 1159 et
1186 1095 1225 1158 de
1245 1096 1302 1158 illa
1319 1097 1418 1161 etiam

233 1184 385 1266 providit,
409 1184 542 1266 ipseque
574 1183 730 1248 Nicolaus
764 1183 885 1247 dictam
915 1184 1156 1266 preposituram
1180 1185 1361 1250 collationis
1385 1193 1419 1250 et

235 1275 426 1356 provisionis
454 1273 641 1337 huiusmodi
664 1273 773 1355 vigore
806 1279 973 1337 assecutus
996 1274 1087 1338 illam
1111 1279 1231 1338 extunc
1254 1277 1362 1340 tenuit
1385 1283 1420 1340 et

233 1365 386 1445 possedit,
418 1370 517 1445 prout
549 1369 640 1428 tenet
664 1368 697 1426 et
719 1363 863 1445 possidet
887 1363 926 1426 de
949 1364 1110 1446 presenti;
1143 1365 1276 1429 dubitat
1308 1371 1417 1430 tamen

235 1454 440 1518 collationem
464 1459 497 1516 et
520 1453 735 1536 provisionem
767 1453 932 1534 predictas
965 1474 1004 1516 ex
1033 1453 1131 1516 certis
1165 1455 1270 1518 causis
1293 1455 1419 1519 viribus

233 1564 297 1607 non
330 1543 516 1607 subsistere.
553 1541 724 1626 Supplicat
756 1543 861 1624 igitur
894 1543 1063 1606 humiliter
1104 1545 1275 1608 sanctitati
1313 1551 1419 1608 vestre

234 1633 340 1696 dictus
373 1632 537 1711 Nicolaus,
571 1638 734 1715 quatenus
766 1633 796 1696 ei
829 1633 868 1696 de
900 1633 1107 1714 prepositura
1140 1634 1297 1715 predicta,
1326 1635 1419 1698 ouius

233 1723 362 1786 fructus
394 1728 454 1786 eto.
489 1727 716 1786 sexcentorum
748 1721 944 1786 florenorum
977 1724 1050 1785 auri
1074 1723 1113 1785 de
1137 1743 1266 1788 camera
1289 1725 1419 1788 comuni

234 1812 445 1876 extimatione
468 1811 616 1891 valorem,
635 1833 781 1876 annuum
804 1832 868 1874 non
889 1813 1059 1892 excedunt,
1076 1813 1142 1875 sive
1158 1820 1196 1876 ut
1212 1814 1420 1894 premittitur

233 1903 299 1965 sive
323 1902 403 1966 alias
429 1901 636 1984 quovismodo
660 1908 719 1966 aut
739 1923 778 1966 ex
797 1902 934 1964 alterius
950 1902 1173 1984 cuiuscunque
1191 1924 1329 1985 persona
1353 1903 1419 1966 sive

234 2013 291 2074 per
323 1992 460 2056 liberam
492 1991 746 2073 resignationem
786 1989 945 2072 Stephani
975 1991 1097 2074 prefati
1127 1993 1177 2055 vel
1210 1993 1345 2057 alterius
1379 1993 1418 2057 de

235 2081 291 2144 illa
314 2081 348 2144 in
372 2082 522 2145 Romana
545 2082 637 2145 curia
666 2082 715 2144 vel
748 2087 843 2144 extra
876 2102 945 2144 eam
978 2082 1078 2144 etiam
1102 2103 1210 2146 coram
1234 2082 1362 2146 notario
1386 2087 1420 2146 et

234 2171 374 2234 testibus
413 2176 527 2253 sponte
565 2171 688 2234 iactam
726 2176 785 2234 aut
824 2169 1058 2235 assecutionem
1097 2171 1232 2235 alterius
1270 2171 1419 2236 beneficii

235 2260 443 2325 ecclesiastici
475 2260 652 2342 apostolica
678 2261 728 2323 vel
760 2259 825 2323 alia
858 2260 971 2341 quavis
1004 2261 1203 2325 auctoritate
1227 2262 1338 2325 collati
1361 2283 1420 2325 seu

235 2350 501 2414 constitutionem
529 2350 733 2414 Execrabilis
757 2355 849 2412 vacet
875 2371 912 2413 ao
936 2351 1121 2432 specialiter
1144 2351 1193 2414 vel
1222 2351 1419 2434 generaliter

234 2445 399 2504 reservata
432 2439 584 2503 devoluta
612 2439 749 2504 electiva
774 2445 807 2502 et
831 2440 865 2502 in
888 2440 1018 2522 prefata
1041 2440 1133 2503 curia
1156 2441 1205 2504 vel
1229 2447 1324 2504 extra
1347 2461 1417 2504 eam

233 2529 376 2612 litigiosa
399 2531 443 2594 sit
465 2529 533 2592 litis
557 2535 680 2593 statum
705 2535 764 2592 etc.
790 2527 968 2610 dignemini
993 2529 1249 2594 misericorditer
1273 2531 1312 2594 de
1337 2552 1421 2594 novo

233 2619 410 2701 providere.
431 2617 515 2692 Cum
539 2641 602 2682 non
627 2619 835 2684 obstantibus
859 2625 892 2682 et
916 2619 1069 2684 clausulis
1094 2619 1418 2701 oportunis-Ocn-

234 2730 358 2772 cessum
374 2714 412 2771 ut
427 2709 555 2791 petitur
570 2709 604 2772 in
620 2709 785 2792 presentia
810 2709 934 2772 domini
960 2709 1064 2773 nostri
1079 2730 1170 2792 pape.
1188 2747 1229 2755 -
1249 2710 1275 2774 J
1276 2710 1421 2775 ohannes

234 2799 447 2862 Zamorensis.
466 2837 506 2844 —
525 2799 571 2862 Et
594 2799 768 2863 concedere
791 2798 878 2879 quod
902 2821 966 2863 non
990 2799 1158 2863 obstantes
1182 2821 1256 2864 suas
1281 2801 1315 2863 in
1341 2821 1418 2864 can-

234 2889 365 2952 cellaria
398 2888 577 2970 exprimere
609 2888 719 2970 possit.
746 2926 786 2934 —
811 2886 1014 2953 Concessum.
1041 2927 1082 2934 -
1106 2888 1276 2953 Johannes
1300 2890 1419 2953 Zamo-

233 2977 344 3042 rensis
383 2978 509 3042 Datum
547 2978 651 3041 Rome
689 2978 776 3060 apud
816 2985 965 3042 sanctum
998 2978 1136 3041 Petrum
1173 2979 1309 3060 septimo
1343 2979 1419 3042 idus

233 3067 427 3132 Novembris
450 3089 536 3130 anno
559 3067 812 3149 quartodecimo

341 3229 376 3287 (A
395 3225 521 3278 vatikani
550 3226 732 3279 leve'ltatrban.
762 3225 984 3294 supplicationes
1012 3225 1132 3294 Eugenii
1151 3231 1198 3279 IV.
1227 3232 1324 3280 Annus
1343 3229 1417 3279 XIV.

234 3297 318 3349 Liber
337 3302 406 3362 VII,
430 3298 476 3350 fol.
496 3301 557 3360 XI.)

766 3567 885 3634 XVII.

679 3732 773 3792 1445.
797 3729 902 3811 majus
928 3734 977 3792 10.

234 3889 293 3953 IV.
319 3890 438 3972 Euporo
467 3892 631 3970 perpetuale
664 3891 802 3954 Auctoris
830 3890 921 3971 pe'csi
950 3893 1081 3973 piispo'lr
1114 3896 1237 3956 vessera
1263 3891 1418 3956 1161111611

657 3980 838 4044 storea-aest
862 3981 993 4063 brillrija.

341 4141 509 4222 Eugenius
533 4147 591 4204 616.
621 4140 750 4205 Dilecto
773 4141 840 4206 filio
863 4140 998 4207 Andree
1030 4144 1130 4208 electo
1162 4143 1417 4226 Quinqueeccle-

233 4230 329 4292 siensi
353 4232 491 4294 salutem
516 4238 628 4294 etc...
643 4231 778 4295 Dudum
803 4232 964 4315 siquidem
988 4233 1071 4297 bone
1093 4236 1246 4298 memorie
1270 4233 1416 4300 Henrico

234 4319 380 4401 episcopo
404 4318 742 4402 Quinqueecclesiensi
767 4321 917 4404 regimini
940 4323 1073 4387 maioris
1100 4324 1231 4388 ecclesie
1248 4321 1415 4407 Quinque-

234 4409 432 4473 ecclesiensis
456 4411 651 4492 presidente,
671 4433 728 4475 nos
752 4412 919 4493 cupientes
943 4412 1048 4476 eidem
1072 4414 1203 4477 ecclesie
1228 4434 1301 4476 cum
1324 4414 1415 4478 illam

234 4519 348 4561 vacare
381 4501 639 4582 contingeret...
665 4501 778 4564 utilem
803 4508 835 4564 et
859 4501 1009 4565 idoneam
1041 4503 1204 4585 presidere
1236 4524 1416 4586 personam,

232 4589 448 4670 provisionem
481 4589 582 4671 ipsius
616 4590 746 4654 ecclesie
779 4591 979 4656 ordinationi
1012 4599 1044 4656 et
1077 4593 1280 4676 dispositioni
1306 4601 1418 4658 nostre
