3472 5494
301 403 364 462 288
798 409 984 461 onunvriurln

300 597 375 660 ticis
407 595 476 658 eius
508 594 695 673 adventum,
735 594 785 658 uti
817 617 855 658 ex
890 595 1062 659 novissime
1095 595 1186 659 Alba
1219 595 1313 660 Julia
1355 596 1486 677 scriptis

300 685 429 766 fideque
463 684 570 763 dignis
603 684 745 748 habetur
778 684 908 748 litteris.
941 682 1034 766 Quae
1059 686 1183 749 occasio
1207 707 1227 748 a
1250 686 1377 750 saeculo
1402 687 1486 749 desi-

301 777 424 853 derata,
456 795 562 856 neque
601 772 716 838 habita
755 773 933 838 inducendi
971 776 1112 856 episcopi
1152 775 1303 839 catholici
1338 797 1403 840 non
1436 785 1485 839 est

300 863 558 928 intermittenda.
593 861 628 927 Si
661 871 771 927 autem
800 858 902 945 (quod
926 885 989 927 non
1017 861 1178 945 creditur)
1203 865 1406 928 confirmatio
1430 864 1485 926 dc-

301 961 486 1036 negaretur.
519 953 628 1016 nullus
661 960 753 1032 esset,
788 954 844 1036 qui
876 953 1029 1036 pupillae,
1063 975 1119 1017 seu
1145 955 1299 1018 viduatae
1332 955 1485 1018 ecclesiae

301 1045 375 1106 iura
408 1049 565 1122 tueretur,
599 1063 636 1105 ac
669 1043 795 1106 miseris
827 1043 996 1106 catholicis
1026 1065 1141 1124 panem
1166 1044 1372 1125 spiritualem
1398 1045 1486 1107 11011-

302 1139 401 1215 geret,
441 1155 515 1196 cum
548 1132 688 1196 maximo
721 1133 905 1195 animarum
935 1133 1067 1196 illarum
1099 1133 1244 1216 periculo
1277 1141 1309 1196 01
1342 1134 1486 1215 ipsorum

303 1223 558 1292 acatholicorum
582 1222 734 1286 scandalo
750 1221 932 1285 videntium
956 1243 1008 1286 eos
1033 1222 1168 1286 destitui
1192 1231 1321 1305 pastore
1347 1224 1485 1305 proprio.

410 1312 506 1376 Duae
522 1319 653 1375 tautum
670 1311 778 1376 forsan
796 1319 925 1393 possent
943 1311 1155 1376 difficultates
1179 1333 1356 1376 occurrere.
1374 1313 1485 1376 Prima

302 1405 389 1466 circa
422 1402 546 1483 regiam
579 1402 882 1483 praesentationem.
920 1423 976 1464 seu
1009 1402 1281 1482 nominationem3
1321 1402 1377 1465 sed
1410 1403 1486 1465 huic

302 1493 392 1557 facili
425 1492 554 1573 negotio
587 1491 748 1555 obviatur.
774 1489 857 1556 Cum
891 1491 924 1553 in
957 1492 1039 1556 actis
1068 1492 1346 1556 consistorialibus
1374 1497 1401 1554 7.
1425 1492 1450 1555 J
1453 1513 1487 1555 a·

303 1581 411 1646 nnarii
446 1585 539 1644 1600.
572 1581 674 1644 fuerit
712 1581 897 1662 propositus
936 1581 968 1644 in
1003 1582 1191 1645 consistorio
1231 1583 1280 1645 uti
1319 1583 1487 1664 episcopus

305 1671 560 1753 Transylvaniae
577 1669 765 1734 Demetrius
790 1670 939 1752 Napragi
955 1671 1159 1752 praepositus
1182 1671 1355 1752 agriensis
1371 1671 1414 1734 ad
1431 1691 1488 1733 110-

304 1761 515 1826 minationem
548 1757 750 1840 Sigismundi
783 1760 942 1824 Bathorei
975 1761 1131 1843 principis
1166 1760 1430 1843 Transylvaniae,
1454 1767 1487 1824 et

304 1851 357 1914 hic
381 1857 430 1914 est
454 1849 590 1913 ultimus
614 1855 720 1913 status
745 1845 836 1923 (nam
852 1850 1069 1914 invalescente
1087 1859 1199 1932 postea
1219 1851 1353 1928 haeresi,
1377 1850 1488 1913 nullus

304 1941 388 2004 alius
412 1939 477 2003 luit
500 1939 534 2002 in
558 1939 648 2002 dicta
671 1940 837 2020 provincia
860 1941 1010 2022 princeps
1043 1941 1231 2014 catholicus,
1266 1947 1395 2004 etcum
1419 1959 1488 2003 cre-

304 2031 402 2095 visset
435 2029 583 2110 potentia
616 2027 835 2106 Ottomanica‚
867 2029 1090 2094 haecabillo
1115 2037 1259 2112 1011111010
1292 2049 1418 2111 semper
1441 2028 1488 2092 ibi

304 2120 468 2202 principes
492 2118 723 2196 constituebat,
743 2120 800 2200 qui
823 2118 973 2201 religioni
997 2119 1159 2184 catholica
1182 2119 1391 2183 infensissimi
1415 2119 1487 2181 nul-

304 2211 373 2272 lum
397 2210 582 2291 episcopum
606 2208 802 2271 catholicum
826 2209 1061 2290 permittebant
1086 2209 1221 2288 intrare,
1248 2210 1326 2274 licet
1349 2211 1488 2290 impera-

307 2307 358 2363 tor
383 2299 432 2362 uti
456 2319 513 2361 rex
537 2299 732 2379 apostolicus
756 2319 882 2379 semper
906 2320 964 2382 pro
988 2301 1119 2381 proprio
1147 2301 1219 2362 iure
1251 2298 1488 2381 praeservando

306 2390 491 2471 episcopum
515 2383 728 2468 nominasset)
752 2389 950 2470 poniturque
974 2389 1020 2452 ibi
1037 2389 1159 2452 dictam
1176 2388 1343 2452 ecclesiam
1359 2408 1487 2451 vacasse

306 2501 325 2542 a
351 2483 401 2541 50.
426 2476 526 2540 ferme
554 2477 658 2556 annis,
691 2477 741 2540 uti
775 2499 814 2540 ex
847 2477 977 2542 decreto
1011 2479 1194 2542 consistorii
1219 2479 1252 2542 in
1277 2479 1363 2541 calce
1390 2476 1488 2540 huius

305 2567 501 2632 memorialis
524 2569 699 2630 summario
723 2589 809 2630 num.
836 2572 863 2629 1.
1299 2631 1301 2635 ,

414 2656 559 2720 Ultimus
592 2657 695 2738 igitur
727 2663 835 2720 status
859 2663 907 2719 est
930 2657 1037 2720 sedem
1071 2657 1280 2740 apostolicam
1305 2661 1488 2737 acceptasse

306 2747 559 2810 nominationem
591 2746 747 2829 principis
781 2746 1044 2827 Transylvaniae,
1078 2747 1135 2829 qui
1161 2755 1240 2810 tunc
1267 2746 1420 2827 temporis
1446 2743 1486 2806 ab

306 2837 511 2918 imperatore,
541 2837 590 2898 uti
614 2857 690 2918 rege
713 2837 759 2901 ibi
788 2837 986 2900 constitutus
1018 2843 1106 2917 erat3
1139 2858 1239 2918 quare
1272 2836 1369 2898 vellet
1393 2833 1487 2897 modo

306 2926 417 2990 eadem
451 2946 510 2989 sua
542 2925 633 2989 sedes
665 2925 850 3008 apostolica,
884 2946 966 3007 quae
991 2927 1024 2988 in
1048 2928 1115 2989 suis
1138 2925 1392 2990 resolutionibus
1421 2945 1488 2986 ma-

305 3024 388 3094 ture,
421 3037 458 3078 ac
490 3015 677 3098 prudenter,
710 3025 743 3079 et
776 3037 838 3079 non
872 3015 1011 3079 fortuito
1035 3016 1190 3102 procedit,
1216 3015 1321 3078 eidem
1346 3013 1488 3097 piissimo

305 3105 506 3187 imperatori,
531 3105 586 3186 qui
610 3107 750 3187 propriis
773 3105 872 3168 armis
889 3125 908 3166 a
928 3105 1102 3186 tyrannide
1127 3105 1266 3169 Turcica
1290 3103 1489 3186 provinciam

306 3196 390 3258 hanc
423 3196 628 3276 recuperavit
661 3194 821 3276 denegare
854 3194 936 3256 illud
969 3196 1028 3272 ius,
1068 3195 1155 3277 quod
1187 3196 1256 3259 sine
1290 3192 1489 3257 difficultate

307 3283 515 3366 Sigismundo
549 3285 714 3347 Bathoreo
748 3285 817 3348 eius
848 3284 1033 3347 feudatario
1066 3283 1249 3348 concessit?
1282 3283 1353 3346 Imo
1386 3279 1489 3364 (quod

307 3374 533 3438 adnotandum
557 3369 619 3453 001)
645 3374 753 3437 forsan
778 3375 811 3436 in
836 3380 988 3455 tempore,
1023 3396 1087 3455 quo
1120 3374 1228 3438 dictus
1262 3371 1489 3454 Sigismundus

307 3471 378 3527 erat
402 3486 421 3526 a
446 3462 562 3526 Turcis
586 3464 738 3545 expulsus
762 3486 780 3526 a
805 3464 892 3528 dicto
917 3463 1113 3546 principatu,
1148 3464 1234 3546 quod
1260 3462 1425 3543 colligitur
1450 3481 1489 3522 ex

306 3554 361 3616 illo
395 3553 492 3616 verbo
526 3550 627 3616 olim?
660 3551 756 3616 Unde
773 3554 861 3616 iure
893 3553 1084 3634 postliminii
1117 3553 1176 3616 hoc
1209 3553 1268 3630 ius,
1294 3553 1381 3634 quod
1404 3571 1490 3614 anno

310 3648 404 3705 16011.
436 3649 549 3707 sancta
583 3642 672 3706 sedes
704 3643 882 3725 apostolica
907 3643 1085 3706 declaravit
1109 3649 1290 3724 competere
1315 3641 1489 3718 Bathorco,

308 3732 462 3814 competit
485 3732 674 3812 imperatori
700 3734 750 3795 uti
773 3734 851 3814 regi,
868 3734 925 3813 qui
949 3732 1045 3796 huius
1069 3733 1253 3814 provinciae
1277 3751 1402 3814 semper
1427 3729 1491 3792 fuit

308 3829 341 3885 et
369 3821 462 3886 modo
495 3828 544 3884 est
577 3821 734 3893 dominus,
768 3823 906 3886 tacendo
940 3822 1030 3885 aliud
1063 3823 1228 3900 motivum,
1262 3821 1347 3901 quod
1375 3821 1426 3882 hic
1451 3839 1490 3880 ex

307 3911 612 3994 superabbundanti
645 3920 753 3992 posset
785 3911 904 3988 afferri,
943 3933 1057 3994 nempe
1088 3933 1147 3993 per
1179 3910 1427 3992 acquisitionem
1459 3908 1491 3970 vi

307 4021 473 4064 armorum
497 4023 516 4063 a
540 4001 691 4064 manibus
724 4000 905 4064 infidelium
937 4001 1037 4065 luisse
1071 4002 1268 4083 acquisitum
1303 3999 1362 4062 hoc
1395 4000 1445 4062 ius
1471 4019 1491 4060 a

308 4111 446 4168 caesare,
472 4091 602 4172 quando
627 4091 730 4153 eidem
755 4113 793 4153 ex
817 4091 881 4154 0110
898 4092 1005 4172 capite
1021 4092 1101 4154 iuris
1118 4089 1308 4173 postliminii
1326 4111 1389 4152 11011
1406 4109 1490 4151 00111-

308 4180 463 4262 1101110001,
497 4180 583 4262 quod
607 4200 642 4241 re
665 4180 736 4262 ipsa
768 4182 899 4244 omnino
932 4181 1096 4262 competit,
1130 4178 1417 4245 utimauifestum
1442 4183 1491 4240 est

308 4270 458 4332 universo
482 4269 676 4351 Hungariae
700 4270 785 4333 clero
810 4279 842 4333 et
866 4292 974 4351 regno.

415 4357 451 4423 si
475 4364 585 4422 autem
618 4359 828 4441 respiciamus
860 4367 985 4424 statum
1018 4361 1265 4424 antecedentem
1296 4358 1339 4420 ad
1367 4375 1491 4420 annum

311 4452 405 4512 1600.
430 4448 497 4511 Hic
519 4449 683 4529 reperitur
706 4450 741 4512 in
765 4451 847 4512 actis
871 4449 1150 4514 consistorialibus
1177 4455 1204 4512 3.
1222 4446 1369 4530 Augusti
1397 4447 1491 4506 1554.

309 4538 342 4600 in
365 4559 428 4619 quo
452 4538 518 4601 fuit
540 4539 724 4620 propositus
748 4538 872 4603 Paulus
897 4538 1089 4603 Abstemius
1122 4561 1180 4622 pro
1213 4539 1361 4622 episcopo
1386 4535 1491 4598 Tran-
