3458 5492
468 483 487 521 1
511 483 633 522 usuras
656 484 715 522 xrs.
739 483 868 523 usurum
892 483 945 524 roo
968 472 1197 524 scemurensem.
1363 466 1426 525 169

245 654 403 736 bonisque
427 661 460 718 et
485 655 613 721 iuribus
640 657 907 740 possessionariis,
933 657 1038 721 ubivis
1062 657 1152 720 etin
1176 657 1427 740 quibuscunque

243 743 325 807 dicti
347 744 440 826 regni
464 745 569 809 nostri
593 746 793 828 Hungariae
810 748 1020 828 partiumque
1038 747 1068 810 ei
1084 746 1306 811 subiectarum
1329 747 1427 810 comi·

244 834 370 898 tatibus
402 834 524 899 habitis
557 841 591 898 et
610 836 846 914 existentibus,
881 857 1075 919 quocunque
1109 835 1248 900 nominis
1271 836 1427 900 vocabulo

244 923 404 1002 vocitatis,
427 924 470 987 ad
494 925 633 988 eundem
657 926 878 1008 episcopatum
901 927 1120 990 Rosonensem
1142 926 1182 990 de
1214 927 1286 990 iure
1319 931 1353 989 et
1385 926 1426 989 ab

243 1013 380 1094 antiquo
415 1015 639 1096 spectantibus
671 1020 704 1078 et
743 1016 907 1097 pertinere
946 1016 1149 1094 debentibus
1189 1036 1313 1079 necnon
1353 1035 1427 1078 curn

244 1103 395 1166 omnibus
419 1103 564 1167 eiusdem
588 1103 723 1184 iuribus,
744 1105 929 1184 honoribus,
945 1105 1165 1184 libertatibus,
1182 1105 1426 1189 praerogativis,

245 1190 416 1270 fructibus,
440 1193 633 1273 redditibus
657 1195 907 1260 obventionibus
924 1201 957 1259 et
974 1195 1199 1260 emolumentis
1215 1194 1427 1276 quibuslibet,

244 1281 348 1345 eidem
373 1281 548 1347 Vincentio
581 1284 738 1347 Zucconii
771 1285 915 1348 dandum
947 1285 1100 1349 duximus
1129 1293 1161 1349 et
1186 1283 1426 1347 conferendum.

245 1367 407 1451 Quocirca
431 1372 521 1437 vobis
544 1372 696 1437 fidelibus
720 1374 839 1438 nostris
862 1374 1109 1439 honorabilibus
1124 1373 1317 1456 praeposito,
1342 1374 1427 1436 vica-

244 1460 301 1540 rio,
333 1462 458 1541 lectori,
490 1463 617 1526 cantori
649 1465 850 1546 caeterisque
874 1465 1038 1528 canonicis
1067 1469 1100 1526 et
1122 1463 1333 1542 beneficiatis,
1358 1468 1427 1527 tam

245 1549 353 1614 dictae
387 1551 539 1615 ecclesiae
571 1553 776 1633 Rosonensis,
810 1575 908 1636 quam
933 1553 1031 1617 etiam
1056 1555 1195 1616 aliarum
1218 1553 1427 1617 ecclesiarum

244 1638 380 1704 dioecesi
404 1641 492 1704 illius
523 1642 753 1724 subjectarum,
777 1643 893 1706 harum
918 1643 999 1707 serie
1023 1642 1161 1707 firmiter
1194 1642 1426 1706 committimus

244 1735 278 1792 et
302 1731 503 1810 mandamus,
528 1738 690 1814 quatenus
707 1754 726 1796 a
742 1732 835 1796 modo
851 1733 1063 1815 imposterum
1080 1732 1265 1814 praefatum
1285 1731 1425 1796 Vincen-

245 1818 328 1882 tium
352 1820 562 1898 Zucconium,
595 1843 653 1902 pro
686 1828 791 1886 vestro
816 1843 899 1902 vere,
922 1823 1068 1904 legitimo
1092 1829 1125 1885 et
1148 1821 1337 1886 indubitato
1361 1821 1427 1902 epi·

243 1929 338 1990 scopo
371 1916 404 1973 et
436 1911 583 1993 praelato
616 1910 745 1990 habere,
779 1919 889 1977 tenere
922 1919 955 1976 et
994 1932 1220 1994 recognoscere
1258 1910 1427 1991 eidemque

245 1996 391 2062 debitam
423 2000 647 2080 reverentiam,
681 2001 844 2081 honorem,
876 2001 1106 2080 obedientiam,
1128 2007 1227 2082 prout
1251 2001 1351 2065 bonos
1375 2019 1426 2062 ec-

244 2087 360 2152 clesiae
392 2090 557 2154 ministros
591 2091 691 2170 decet,
724 2098 891 2172 praestare
931 2098 964 2155 et
1002 2091 1163 2168 exhibere,
1203 2090 1236 2152 in
1275 2089 1426 2154 omuibus

244 2177 384 2260 denique
407 2179 506 2243 licitis
531 2187 563 2244 et
588 2181 747 2245 consuetis
771 2183 868 2246 rebus
892 2181 1112 2245 iurisdictioni
1145 2180 1370 2261 illiusparere
1394 2187 1427 2240 et

243 2266 470 2350 obtemperare
494 2269 597 2333 modis
621 2269 770 2334 omnibus
794 2269 941 2335 debeatis
964 2278 997 2334 et
1021 2270 1215 2347 teneamini,
1248 2289 1338 2334 secus
1362 2289 1426 2330 non

246 2355 384 2421 facturi:
410 2360 637 2441 praesentibus
660 2361 812 2441 perlectis
836 2360 1004 2424 exhibenti
1036 2360 1209 2424 restitutis.
1235 2397 1274 2404 —
1300 2357 1427 2422 Datum

244 2446 278 2508 in
311 2447 415 2511 libera
448 2449 604 2531 regiaque
636 2449 769 2515 civitate
801 2456 914 2514 nostra
947 2449 1163 2532 Soprouiensi,
1196 2447 1255 2512 sub
1282 2445 1426 2530 generali

244 2535 364 2616 diaeta,
388 2537 441 2600 die
459 2537 582 2620 quinta
605 2539 724 2603 mensis
752 2538 952 2619 Decembris,
985 2561 1070 2603 anno
1103 2537 1224 2602 domiui
1258 2536 1426 2601 millesimo

243 2627 474 2691 sexcentesimo
507 2628 660 2709 vigesimo
694 2629 819 2711 quinto,
858 2650 1032 2711 regnorum
1065 2633 1251 2692 nostrorum
1284 2624 1425 2692 Romani

244 2717 391 2798 septime,
431 2716 625 2800 Hungariae
664 2723 696 2781 et
736 2719 935 2802 reliquorum
974 2726 1095 2797 octav0,
1138 2717 1314 2782 Bohemiae
1352 2736 1426 2778 vero

244 2825 330 2870 anuo
353 2827 447 2870 nono.

352 2966 495 3032 (Orszagos
514 2967 639 3018 leveltatr.
661 2966 746 3020 Liber
764 2967 877 3034 Regius.
898 2971 964 3019 Ooll.
985 2972 1059 3018 Eccl¹
1080 2969 1278 3028 1527-1652.)

765 3287 910 3355 CXXV.

685 3457 779 3516 1626.
803 3453 921 3534 januar
947 3457 996 3515 20.

246 3613 527 3696 APropoponda
560 3613 763 3698 conpropotio
796 3615 959 3679 utusttdso
984 3633 1004 3676 c
1028 3612 1109 3676 be'csi
1135 3611 1281 3676 nuntius
1304 3613 1427 3676 νόεῑένε

438 3723 458 3768 c
482 3725 620 3787 mopyor
640 3703 811 3784 piispo'lcdb
834 3705 1053 3786 moperdst'tese
1077 3701 1229 3785 iippdbeu.

352 3864 530 3930 Decretum
554 3872 686 3930 sanctae
710 3865 968 3947 congregationis
988 3864 1028 3928 de
1047 3863 1264 3947 Propaganda
1283 3862 1355 3941 fide,
1373 3863 1428 3926 ha-

245 3956 317 4021 bita
341 3955 393 4019 die
419 3960 468 4019 20.
493 3954 651 4020 Januarii
677 3958 771 4018 1626.

353 4043 410 4109 Ad
434 4045 625 4110 relationem
649 4043 772 4109 domini
796 4044 971 4108 cardinalis
995 4041 1132 4127 Oleselii,
1156 4043 1243 4106 circa
1266 4041 1428 4124 episcopos

246 4134 449 4218 Huugariae,
475 4135 533 4218 qui
561 4135 604 4199 ad
632 4134 886 4198 nominationem
912 4133 1125 4216 imperatoris,
1156 4138 1194 4195 ut
1225 4131 1313 4196 illius
1336 4132 1428 4214 regni

246 4226 331 4307 regis
364 4231 526 4304 creantur,
561 4231 593 4288 et
626 4245 765 4306 quorum
799 4223 948 4287 notulam
983 4245 1056 4287 cum
1095 4221 1278 4286 redditibus
1317 4242 1429 4284 eorum

245 4315 382 4378 nuntius
407 4311 605 4378 Germaniae
628 4314 726 4391 misit,
750 4334 841 4376 sacra
865 4313 1074 4394 congregatio
1098 4311 1248 4396 decrevit,
1272 4318 1310 4374 ut
1334 4310 1429 4374 inira.

353 4404 474 4484 Primo,
484 4405 569 4486 quod
581 4403 746 4467 scribatur
760 4403 876 4465 nuntio
886 4421 1043 4480 caesareo,
1055 4408 1092 4464 ut
1102 4401 1185 4465 serio
1200 4402 1428 4483 imperatorem

246 4501 384 4573 moueat,
408 4514 449 4556 ne
473 4494 624 4574 deinceps
652 4491 729 4554 velit
754 4491 917 4573 episcopos
941 4490 1157 4573 Hungarosa
1181 4512 1214 4554 se
1237 4490 1428 4567 nominatos,

246 4582 365 4648 habere
389 4590 422 4647 et
446 4589 589 4646 tractare
608 4604 667 4665 pro
691 4581 855 4663 episcopis,
884 4601 941 4644 nec
969 4602 1021 4644 eos
1045 4581 1086 4644 ad
1112 4580 1203 4661 regni
1226 4579 1367 4658 comitia,
1391 4586 1428 4643 ut
