3472 5494
281 428 347 487 264
779 435 966 488 onnavnnvia

281 627 319 684 ut
354 621 589 704 provideantur
621 621 777 704 episcopis
810 622 853 684 sit
886 621 974 685 facta
1008 621 1188 687 nominatio
1221 629 1254 686 et
1286 623 1464 686 considere·

280 717 336 774 tur
359 711 393 773 in
418 711 567 793 sequenti
591 710 850 794 congregatione.
876 708 948 793 Quo
971 732 1045 775 vero
1069 712 1112 776 ad
1136 711 1285 776 ecclesias
1309 709 1464 794 Segnien-

280 821 346 866 sem
380 806 413 865 et
445 799 706 865 Modrusiensem
739 799 849 864 unitas
881 802 1090 884 congregatio
1114 802 1180 866 tuit
1212 801 1245 866 in
1270 807 1354 882 voto,
1378 802 1465 884 quod

279 889 404 974 possint
421 889 567 972 expediri
583 889 625 954 ad
641 890 896 954 nominationem
919 890 1134 974 imperatoris,
1158 891 1246 956 facto
1262 892 1353 974 prius
1367 892 1463 956 verbo

280 1001 353 1043 cum
377 979 587 1044 sanctissimo.

387 1067 552 1134 Videatur
584 1074 696 1134 utrum
730 1073 856 1134 asserta
889 1069 1022 1134 ecclesia
1054 1069 1318 1134 Munkacziensis
1341 1076 1464 1154 spectet

280 1159 322 1223 ad
345 1159 574 1242 imperatorem
599 1159 650 1222 vel
673 1158 715 1222 ad
739 1179 871 1222 uxorem
896 1159 1055 1242 Ragozzi;
1080 1159 1159 1223 item
1174 1159 1202 1222 si
1218 1181 1364 1224 summus
1387 1181 1464 1243 pon-

283 1247 364 1312 tifex
388 1249 535 1312 instituit
559 1249 723 1331 episcopos
746 1248 831 1312 ritus
855 1249 963 1330 graeci
987 1255 1020 1312 et
1045 1249 1117 1332 quis
1141 1250 1341 1314 consecravit
1364 1270 1465 1314 asser-

282 1342 353 1402 tum
387 1339 570 1420 episcopum
603 1339 710 1404 dictae
743 1337 895 1402 ecclesiae
922 1338 1039 1402 ultimo
1062 1339 1132 1421 loco
1156 1337 1357 1419 defunctum,
1381 1346 1414 1404 et
1438 1340 1465 1402 si

280 1429 315 1494 in
338 1427 506 1509 praedicto
539 1428 657 1511 oppido
688 1427 841 1492 habitent
875 1427 992 1509 graeei,
1021 1449 1058 1493 ac
1082 1429 1122 1492 de
1146 1427 1196 1491 his
1222 1429 1372 1493 omnibus
1395 1449 1465 1493 ver-

280 1518 360 1582 bum
383 1517 443 1581 fiat
466 1539 540 1581 cum
563 1517 774 1582 sanctissimo.

389 1657 541 1724 (Eredetije
560 1675 577 1710 a
595 1656 781 1726 Congu-egatio
809 1662 843 1710 de
871 1657 1235 1726 P1·0pagandafide1·6mai
1264 1661 1463 1712 leveltaraban.

281 1729 498 1798 congregazioni
517 1729 687 1796 particulari.
710 1737 779 1784 1664
797 1733 825 1784 et
845 1747 919 1794 sequ.
939 1748 985 1798 pp.
1007 1734 1167 1794 201-208.)

771 2016 973 2084 CLXXXI.
993 2057 995 2062 ,

829 2183 923 2244 1667.

282 2339 428 2404 Ro'mdbo
462 2339 587 2405 aratura
619 2339 790 2406 emle‘tirot
813 2361 834 2406 o
857 2361 995 2424 mappae·
1027 2339 1152 2422 atvatyt
1175 2361 1216 2405 aa
1240 2339 1364 2424 erdelyi
1385 2349 1465 2422 ptis-

324 2429 480 2512 po'bse'qre
505 2430 734 2512 vortattoao'lop
758 2429 913 2512 mapilletd
937 2429 1119 2494 bineceae'si
1135 2429 1192 2512 jop
1217 2429 1428 2513 tpaaolasara.

389 2588 447 2653 An
481 2590 649 2673 episcopus
686 2589 987 2671 Transylvanicnsis
1019 2589 1062 2653 ad
1094 2591 1391 2672 praesentationem
1424 2591 1465 2655 ab

280 2679 455 2764 apostolico
487 2699 564 2761 rege
596 2679 798 2746 sanctissimo
831 2679 959 2742 domino
984 2701 1087 2762 papae
1111 2679 1154 2743 sit
1177 2680 1409 2746 confirmabilis
1433 2688 1465 2744 et

281 2767 516 2834 consecrabilis.

389 2857 465 2922 Non
498 2865 546 2922 est
570 2858 708 2922 dubium
732 2858 895 2942 episcopos
920 2857 1215 2940 Transylvanenses
1239 2858 1316 2921 olim
1339 2879 1359 2921 a
1382 2859 1466 2940 regi-

283 2947 344 3012 bus
377 2945 545 3030 Ungariae
568 2947 637 3011 sedi
660 2947 855 3030 apostolicae
877 2953 1102 3030 praesentatos
1126 2947 1311 3012 confirmari
1336 2955 1368 3012 et
1392 2967 1466 3011 con-

282 3037 403 3101 secrari
426 3037 631 3102 consuevisse.
658 3037 779 3102 Nullus
798 3037 883 3102 enim
900 3038 934 3101 in
952 3039 1154 3120 questionem
1169 3038 1296 3101 vocavit
1311 3038 1466 3101 vicariam

280 3127 540 3210 jurisdictionem
562 3147 676 3208 regum
699 3125 876 3209 Ungariae,
910 3139 1015 3210 quam·
1031 3127 1065 3191 in
1090 3127 1279 3192 ordinandis
1303 3134 1342 3202 et
1360 3126 1466 3190 confe-

282 3215 392 3280 rendis
416 3217 573 3281 universis
596 3239 654 3298 per
686 3238 869 3299 regnasua
893 3217 1034 3282 ecclesiis
1058 3238 1077 3280 a
1101 3218 1234 3282 summis
1257 3215 1466 3300 pontificibus

282 3305 413 3388 speciali
436 3307 644 3390 prerogativa
668 3327 850 3372 concessam
874 3305 1053 3370 obtinuere.

267 3393 268 3396 ’
328 3430 332 3438 =
389 3395 489 3466 Hanc.
510 3401 705 3480 potestatem
730 3393 893 3478 Sylvester
916 3395 963 3460 II.
988 3394 1019 3460 S.
1044 3394 1218 3478 Stephano,
1243 3402 1276 3460 et
1303 3395 1371 3459 eius
1395 3417 1466 3458 suo-

282 3486 461 3550 cessoribus
486 3485 563 3549 dum
587 3486 616 3549 ei
641 3485 800 3565 diadema,
834 3485 1033 3568 titulumque
1057 3487 1184 3566 regium
1207 3507 1273 3548 una
1297 3506 1370 3550 cum
1394 3485 1467 3549 aliis

281 3575 465 3656 insignibus
482 3575 647 3658 regalibus
663 3575 769 3640 Roma
787 3577 935 3639 mitteret
956 3576 1121 3654 concessit,
1146 3595 1204 3657 per
1227 3597 1318 3639 suam
1343 3574 1466 3638 bullam

282 3666 316 3728 in
334 3665 413 3729 haec
429 3666 536 3730 verba.
566 3665 714 3730 »Idcirco
731 3671 763 3728 et
780 3687 837 3728 nos
854 3665 1014 3748 singulari
1029 3665 1163 3748 insuper
1178 3665 1347 3748 privilegio
1363 3665 1466 3728 excel-

282 3755 419 3818 lentiam
435 3761 536 3834 tuam,
547 3761 744 3836 tuorumque
760 3755 951 3819 meritorum
967 3754 1103 3834 intuitu,
1117 3755 1272 3819 haeredes
1288 3776 1326 3820 ao
1341 3775 1466 3818 succes·

283 3865 369 3909 sores
386 3852 459 3909 tuos
475 3845 638 3928 legitimos
654 3865 741 3908 nunc
758 3851 791 3908 et
806 3846 973 3928 perpetuis
988 3844 1112 3908 futuris
1129 3845 1331 3926 temporibus
1350 3844 1466 3908 conde-

283 3955 394 3998 corare
410 3935 586 4018 cupientes
612 3941 649 3998 ut
665 3941 838 4018 postquam
856 3941 894 3998 tu
910 3941 942 3998 et
962 3933 1010 4002 illi
1030 3955 1157 4013 corona,
1182 3956 1281 4017 quam
1304 3934 1466 3998 mittimus

282 4025 346 4088 rite
363 4031 544 4104 coronatus,
566 4025 615 4088 vel
639 4024 785 4089 coronati
809 4024 995 4100 extiteritis,
1011 4025 1113 4106 possis
1130 4030 1162 4087 et
1178 4024 1286 4088 valeas
1302 4031 1401 4106 atque
1418 4023 1465 4085 illi

282 4113 406 4196 possint
432 4114 627 4196 valeantque
659 4113 837 4178 secundum
872 4114 958 4197 quod
990 4113 1101 4177 divina
1130 4115 1238 4195 gratia
1272 4120 1305 4178 te
1338 4119 1371 4178 et
1394 4113 1466 4176 illos

283 4203 439 4274 docuerit,
472 4204 622 4268 ecclesias
653 4205 746 4285 regni
780 4204 828 4268 tui
853 4208 1040 4285 praesentes
1066 4210 1098 4267 et
1123 4203 1260 4282 futuras,
1294 4207 1405 4267 nostra
1428 4224 1465 4265 ac

282 4313 502 4356 suceessorum
527 4299 712 4358 nostrorum
735 4295 812 4373 vice,
838 4292 1017 4376 disponere,
1042 4299 1141 4374 atque
1164 4293 1316 4356 ordinare
1339 4300 1465 4374 aposto-

282 4382 345 4446 lica
361 4383 558 4448 auctoritate
575 4384 815 4451 concessimus«
835 4382 891 4446 Ita
908 4381 1079 4464 Sylvester,
1096 4383 1188 4446 ouius
1204 4383 1295 4447 bulla
1310 4383 1344 4445 in
1361 4383 1465 4446 arohi-

283 4473 335 4535 vio
360 4471 590 4556 Traguriensis
615 4474 767 4537 ecclesiae
791 4479 824 4536 et
848 4472 1069 4556 apud-plures
1093 4473 1246 4537 authores
1270 4471 1420 4536 habetur.

392 4569 419 4626 2.
443 4563 598 4627 Meminit
630 4563 774 4627 eiusdem
799 4582 913 4642 regum
936 4560 1104 4644 Ungariae
1127 4563 1373 4644 praerogativae
1396 4582 1465 4624 car·
