3458 5492
306 455 367 514 168
799 464 988 516 6666616616

303 649 494 712 canonicato
528 648 561 712 di
594 647 746 734 daurino,
780 655 812 712 et
844 650 864 712 l’
898 651 1045 713 instanze
1078 650 1136 714 ohe
1170 651 1204 715 fa
1236 650 1270 714 di
1294 672 1398 715 essere
1429 673 1488 735 pro

303 743 388 814 16116
411 737 500 803 66616
524 759 588 801 666
612 740 718 801 riceva
743 745 838 802 torto.
864 740 909 802 nt
933 739 1050 822 perchb
1067 740 1123 803 dal
1141 741 1287 824 palatino
1301 741 1331 804 d’
1354 741 1488 824 Unghe-

302 827 353 891 ria
385 834 418 890 et
451 828 493 890 da
525 828 612 907 altri,
645 828 703 916 che
728 830 925 910 vossignoria
957 830 1139 910 parimente
1163 830 1262 894 vedra
1286 831 1373 894 dalla
1397 832 1489 912 copia

303 916 389 980 della
422 918 490 980 loro
522 917 642 980 lettera
675 918 791 980 scritta
814 940 834 981 a
868 940 927 982 sua
959 919 1091 997 6661116,
1125 920 1197 992 vien
1230 921 1364 983 stimate
1396 921 1489 984 detta

303 1007 411 1088 gratia
443 1027 508 1070 non
532 1027 604 1070 men
632 1009 804 1087 contraria,
832 1008 890 1071 che
913 1008 1147 1090 pregiudiniale
1170 1013 1190 1072 a
1214 1010 1224 1071 i
1248 1011 1410 1092 privilegii
1435 1011 1488 1092 gia

304 1097 444 1160 concessi
468 1099 488 1160 6
512 1097 522 1158 1
546 1117 582 1160 66
605 1095 635 1158 d'
660 1095 838 1178 Ungheria,
864 1097 934 1160 dice
968 1119 1027 1161 sua
1060 1098 1275 1178 beatitudine,
1300 1099 1358 1162 che
1390 1101 1487 1163 vossi-

303 1187 418 1267 gnoria
441 1187 572 1268 procuri
598 1185 631 1248 di
655 1187 847 1250 accomodar
873 1194 986 1269 questo
1016 1188 1152 1270 negotio,
1186 1188 1318 1269 giacohb
1342 1189 1366 1252 il
1390 1189 1487 1252 breve

302 1274 388 1338 della
411 1275 562 1339 soddetta
585 1276 762 1339 ritentione
788 1277 887 1339 6616
912 1277 1046 1358 spedito.
1072 1277 1113 1340 Iu
1140 1283 1232 1340 tanto
1264 1279 1291 1341 si
1325 1280 1443 1342 manda
1468 1299 1487 1342 a

302 1363 344 1427 lei
376 1386 422 1428 un
455 1365 551 1427 breve
584 1365 617 1428 di
647 1365 867 1430 commissione
900 1367 934 1429 di
967 1372 1083 1447 questa
1107 1388 1213 1446 causa,
1237 1368 1325 1430 omni
1350 1374 1384 1430 et
1408 1389 1487 1450 qua-

304 1473 443 1536 cumque
466 1454 684 1536 appellatione
709 1462 842 1535 remota,
866 1456 1042 1520 summarie
1066 1463 1098 1520 et
1123 1456 1162 1520 de
1185 1457 1282 1539 piano
1306 1458 1382 1532 sola,
1407 1457 1488 1521 16611

303 1544 442 1606 66611616
466 1545 621 1626 16666616,
646 1549 678 1607 61
702 1545 722 1607 l’
746 1545 831 1608 altro
859 1566 918 1608 con
941 1545 974 1608 la
999 1545 1119 1609 1666116
1143 1546 1176 1609 di
1205 1547 1397 1629 sospendere
1430 1569 1487 1628 per

302 1633 325 1695 il
359 1639 467 1714 tempo
500 1633 558 1696 che
591 1634 621 1695 le
653 1637 770 1715 parera
802 1635 834 1696 la
867 1635 1018 1698 soddetta
1051 1635 1226 1699 ritentione
1251 1637 1381 1718 quando
1406 1637 1487 1700 veda

302 1723 360 1787 che
384 1722 427 1786 da
450 1728 565 1804 questa
588 1744 682 1805 possa
705 1725 832 1804 seguire
856 1724 994 1805 qualche
1010 1731 1226 1807 stravaganza
1242 1746 1259 1789 o
1276 1727 1341 1789 mal
1357 1724 1485 1804 effetto,
1561 1798 1562 1802 ,

303 1815 356 1875 ma
388 1811 441 1874 ira
474 1818 587 1893 questo
620 1819 747 1876 mentre
781 1813 851 1876 dice
875 1835 933 1876 sua
958 1815 1092 1894 6661116,
1116 1815 1175 1878 che
1198 1816 1398 1897 vossignoria
1421 1837 1485 1884 non

304 1901 382 1964 lasci
407 1901 440 1964 di
465 1900 516 1964 far
540 1903 615 1983 ogni
640 1923 713 1967 cosa
737 1923 794 1984 per
818 1904 973 1966 accordar
997 1904 1026 1966 le
1049 1905 1146 1986 parti.

411 1988 493 2054 Sara
525 2012 584 2055 con
618 1997 733 2074 questa
762 1992 794 2055 la
824 1993 964 2074 risposta
996 1993 1054 2057 ohe
1078 1994 1161 2057 6116
1186 1994 1217 2056 61
1240 1994 1331 2057 detto
1355 2013 1486 2058 vescovo

302 2080 436 2143 insieme
469 2081 518 2144 col
546 2081 643 2145 breve
666 2081 844 2163 risponsivo
869 2083 900 2145 al
924 2083 1078 2164 palatin0,
1103 2089 1136 2147 61
1159 2083 1232 2146 dell’
1256 2105 1322 2146 666
1347 2088 1380 2146 61
1413 2083 1486 2146 dell’

302 2169 387 2234 altro
426 2191 571 2252 vengono
609 2171 639 2234 le
678 2172 768 2254 copie
808 2173 864 2254 qui
903 2173 1069 2254 agginnte.
1109 2173 1153 2236 Di
1192 2173 1297 2236 Roma
1335 2173 1358 2235 li
1398 2177 1417 2235 2
1447 2173 1486 2236 de

302 2259 445 2324 Febraio
466 2264 560 2323 1619.

410 2420 445 2478 (Α
465 2415 592 2469 vstikani
611 2418 794 2469 levdltarban.
814 2418 1156 2486 Borghese-gydjtemeny.
1176 2425 1197 2470 Ι.
1219 2426 1278 2470 947.
1299 2417 1318 2470 f.
1341 2421 1412 2479 281.)

813 2669 978 2736 CXXIV.

716 2835 810 2896 1625.
835 2831 1023 2896 deczember
1049 2837 1077 2896 5.

303 2993 352 3057 II.
378 2993 757 3060 Α16611666616666661
780 2995 994 3077 perpurasset
1020 2993 1168 3058 Zaccoai
1202 2993 1388 3060 Viacae'tteb
1412 2995 1486 3059 cdo-

801 3104 991 3166 mcnpoaaa.
1058 3107 1061 3114 ’

409 3243 477 3308 Nos
503 3244 735 3310 Ferdiuandus
769 3253 828 3310 etc.
862 3247 1041 3310 Memoriae
1075 3245 1337 3310 commendamus
1373 3252 1485 3310 tenore

194 3384 195 3388 ,
301 3335 532 3416 praesentium,
558 3335 779 3416 significantes
812 3336 931 3417 quibus
965 3335 1096 3417 expedit
1125 3335 1292 3414 universis,
1317 3335 1404 3416 quod
1428 3356 1485 3398 nos

302 3423 430 3486 inducti
463 3424 588 3488 meritis
621 3432 654 3489 et
686 3425 866 3490 virtutibus
899 3445 1089 3506 morumque
1129 3429 1161 3488 et
1194 3425 1281 3488 vitae
1314 3423 1485 3488 honestate

302 3533 427 3576 necnon
452 3515 589 3577 caeteris
612 3515 714 3580 animi
739 3515 879 3594 dotibus,
899 3513 1004 3578 fidelis
1024 3515 1127 3578 nostri
1144 3512 1343 3576 honorabilis
1359 3513 1486 3577 comitis

302 3601 471 3668 Vincentii
496 3603 661 3684 Zucconii,
694 3605 843 3686 perpetui
876 3603 1144 3668 commendatarii
1177 3602 1421 3684 praepositurae
1454 3601 1485 3668 S.

302 3692 476 3756 Benedicti
508 3693 547 3756 de
580 3693 777 3757 Paledizona
809 3699 842 3756 et
875 3693 1052 3758 consiliarii
1086 3693 1199 3770 nostri,
1232 3692 1351 3774 quibus
1380 3693 1486 3774 ipsum

303 3781 460 3845 divinitus
484 3783 671 3864 praeditum
695 3804 734 3846 ex
757 3782 922 3864 fidedigna
946 3789 1109 3847 certorum
1133 3781 1279 3845 fidelium
1300 3787 1486 3846 nostrorum

302 3871 461 3936 relatione
484 3873 700 3954 cognovimus,
725 3874 946 3954 episcopatum
970 3873 1198 3951 Rosonensem,
1218 3893 1304 3934 nunc
1327 3893 1385 3953 per
1409 3873 1487 3935 resi-

303 3962 490 4044 gnationem
529 3961 671 4043 religiosi
710 3961 823 4026 fratris
855 3961 1017 4043 Alphonsi
1052 3962 1091 4024 de
1122 3962 1319 4044 Requesens,
1343 3961 1486 4026 eiusdem

302 4050 506 4132 episcopatus
540 4051 656 4130 ultimi,
689 4053 756 4114 veri
790 4058 822 4115 et
847 4052 985 4133 legitimi
1009 4051 1206 4134 possessoris
1232 4051 1271 4114 de
1295 4051 1365 4115 1666
1390 4058 1422 4114 61
1447 4051 1486 4113 de

301 4139 390 4203 lacto
406 4145 584 4221 vacantem,
608 4141 811 4205 authoritate
835 4141 916 4205 iuris
939 4147 1134 4222 patronatus
1158 4142 1261 4204 nostri
1286 4141 1376 4222 regii,
1400 4139 1486 4221 quod

301 4229 336 4292 in
361 4229 511 4294 omnibus
544 4230 686 4294 ecelesiis
710 4230 790 4294 dicti
813 4232 906 4313 regni
930 4231 1035 4295 nostri
1058 4230 1252 4312 Hungariae
1276 4231 1486 4311 partiumque

303 4318 332 4382 61
356 4319 587 4400 subiectarum,
610 4320 653 4383 ad
677 4320 782 4383 instar
806 4319 955 4383 divorum
975 4319 1139 4402 quondam
1158 4319 1352 4401 Hungariae
1372 4341 1485 4400 regum

302 4409 585 4492 praedecessorum
609 4416 804 4488 nostrorum,
829 4410 950 4490 optimo
974 4411 1046 4472 iure
1070 4410 1190 4473 habere
1214 4416 1247 4472 61
1266 4429 1419 4472 exercere
1438 4408 1487 4472 di·

303 4499 495 4580 gnoscimur,
521 4498 617 4562 simul
636 4520 710 4562 cum
736 4499 885 4562 omnibus
909 4499 1033 4578 castris,
1058 4499 1207 4577 castellis,
1232 4499 1367 4580 oppidis,
1393 4498 1485 4575 villis,

302 4588 563 4670 possessionibus,
587 4588 738 4670 praediis,
762 4588 968 4669 portionibus
992 4609 1029 4650 ao
1046 4587 1118 4652 aliis
1135 4587 1261 4651 cunctis
1277 4588 1486 4670 pertinentiis
