<?xml version="1.0" encoding="UTF-8"?>
<!DOCTYPE html PUBLIC "-//W3C//DTD XHTML 1.0 Transitional//EN"
    "http://www.w3.org/TR/xhtml1/DTD/xhtml1-transitional.dtd">
<html xmlns="http://www.w3.org/1999/xhtml" xml:lang="en" lang="en">
 <head>
  <title>
</title>
<meta http-equiv="Content-Type" content="text/html;charset=utf-8" />
  <meta name='ocr-system' content='tesseract 3.04.00' />
  <meta name='ocr-capabilities' content='ocr_page ocr_carea ocr_par ocr_line ocrx_word'/>
</head>
<body>
  <div class='ocr_page' id='page_1' title='image "./oklevltramagyar00frakgoog_0221.png"; bbox 0 0 3458 5492; ppageno 0'>
   <div class='ocr_carea' id='block_1_1' title="bbox 312 439 993 500">
    <p class='ocr_par' dir='ltr' id='par_1_1' title="bbox 312 439 993 500">
     <span class='ocr_line' id='line_1_1' title="bbox 312 439 993 500; baseline -0.001 -1"><span class='ocrx_word' id='word_1_1' title='bbox 312 439 375 500; x_wconf 81' lang='lat'>188</span> <span class='ocrx_word' id='word_1_2' title='bbox 806 445 993 499; x_wconf 79' lang='grc'><strong>0111111111</strong></span> 
     </span>
    </p>
   </div>
   <div class='ocr_carea' id='block_1_2' title="bbox 230 631 1494 4119">
    <p class='ocr_par' dir='ltr' id='par_1_2' title="bbox 418 631 1171 696">
     <span class='ocr_line' id='line_1_2' title="bbox 418 631 1171 696; baseline 0 -2"><span class='ocrx_word' id='word_1_3' title='bbox 418 631 677 694; x_wconf 85' lang='lat' dir='ltr'>Eminentissimi</span> <span class='ocrx_word' id='word_1_4' title='bbox 702 636 734 694; x_wconf 89' lang='lat' dir='ltr'>et</span> <span class='ocrx_word' id='word_1_5' title='bbox 757 631 1017 696; x_wconf 83' lang='lat' dir='ltr'>reverendissimi</span> <span class='ocrx_word' id='word_1_6' title='bbox 1041 631 1171 695; x_wconf 91' lang='lat' dir='ltr'>domini.</span> 
     </span>
    </p>

    <p class='ocr_par' dir='ltr' id='par_1_3' title="bbox 306 720 1494 1790">
     <span class='ocr_line' id='line_1_3' title="bbox 417 720 1494 803; baseline 0.002 -19"><span class='ocrx_word' id='word_1_7' title='bbox 417 721 492 784; x_wconf 92' lang='lat' dir='ltr'>Non</span> <span class='ocrx_word' id='word_1_8' title='bbox 517 721 646 784; x_wconf 90' lang='lat' dir='ltr'>videtur</span> <span class='ocrx_word' id='word_1_9' title='bbox 669 741 761 802; x_wconf 88' lang='lat' dir='ltr'>posse</span> <span class='ocrx_word' id='word_1_10' title='bbox 784 723 991 800; x_wconf 78' lang='lat' dir='ltr'>controverti,</span> <span class='ocrx_word' id='word_1_11' title='bbox 1015 721 1101 803; x_wconf 92' lang='lat' dir='ltr'>quod</span> <span class='ocrx_word' id='word_1_12' title='bbox 1121 720 1274 786; x_wconf 87' lang='lat' dir='ltr'>ecclcsiae</span> <span class='ocrx_word' id='word_1_13' title='bbox 1290 721 1494 786; x_wconf 80' lang='lat' dir='ltr'>cathedrales</span> 
     </span>
     <span class='ocr_line' id='line_1_4' title="bbox 310 811 1494 892; baseline 0 -18"><span class='ocrx_word' id='word_1_14' title='bbox 310 811 402 892; x_wconf 85' lang='lat' dir='ltr'>regni</span> <span class='ocrx_word' id='word_1_15' title='bbox 435 811 630 892; x_wconf 84' lang='lat' dir='ltr'>Hungariae</span> <span class='ocrx_word' id='word_1_16' title='bbox 663 811 897 892; x_wconf 88' lang='lat' dir='ltr'>provideantur</span> <span class='ocrx_word' id='word_1_17' title='bbox 930 811 972 874; x_wconf 89' lang='lat' dir='ltr'>ad</span> <span class='ocrx_word' id='word_1_18' title='bbox 1005 812 1260 875; x_wconf 82' lang='lat' dir='ltr'>nominationem</span> <span class='ocrx_word' id='word_1_19' title='bbox 1297 811 1494 876; x_wconf 88' lang='lat' dir='ltr'>serenissimi</span> 
     </span>
     <span class='ocr_line' id='line_1_5' title="bbox 309 900 1494 983; baseline 0 -19"><span class='ocrx_word' id='word_1_20' title='bbox 309 901 402 982; x_wconf 84' lang='lat' dir='ltr'>regis,</span> <span class='ocrx_word' id='word_1_21' title='bbox 436 900 567 982; x_wconf 91' lang='lat' dir='ltr'>quando</span> <span class='ocrx_word' id='word_1_22' title='bbox 599 901 739 982; x_wconf 80' lang='lat' dir='ltr'>episcopi</span> <span class='ocrx_word' id='word_1_23' title='bbox 773 900 939 964; x_wconf 87' lang='lat' dir='ltr'>intersunt</span> <span class='ocrx_word' id='word_1_24' title='bbox 972 901 1077 979; x_wconf 90' lang='lat' dir='ltr'>dietis,</span> <span class='ocrx_word' id='word_1_25' title='bbox 1111 907 1143 964; x_wconf 91' lang='lat' dir='ltr'>et</span> <span class='ocrx_word' id='word_1_26' title='bbox 1176 906 1311 983; x_wconf 88' lang='lat' dir='ltr'>possunt</span> <span class='ocrx_word' id='word_1_27' title='bbox 1343 901 1494 982; x_wconf 87' lang='lat' dir='ltr'>prodesse</span> 
     </span>
     <span class='ocr_line' id='line_1_6' title="bbox 307 989 1494 1072; baseline -0.001 -18"><span class='ocrx_word' id='word_1_28' title='bbox 307 991 414 1054; x_wconf 90' lang='lat' dir='ltr'>causis</span> <span class='ocrx_word' id='word_1_29' title='bbox 437 989 619 1071; x_wconf 74' lang='lat' dir='ltr'>religionis,</span> <span class='ocrx_word' id='word_1_30' title='bbox 643 1011 719 1052; x_wconf 92' lang='lat' dir='ltr'>uam</span> <span class='ocrx_word' id='word_1_31' title='bbox 742 990 803 1054; x_wconf 93' lang='lat' dir='ltr'>hoc</span> <span class='ocrx_word' id='word_1_32' title='bbox 826 996 963 1072; x_wconf 89' lang='lat' dir='ltr'>apparet</span> <span class='ocrx_word' id='word_1_33' title='bbox 987 1011 1025 1054; x_wconf 86' lang='lat' dir='ltr'>ex</span> <span class='ocrx_word' id='word_1_34' title='bbox 1052 992 1182 1055; x_wconf 90' lang='lat' dir='ltr'>decreto</span> <span class='ocrx_word' id='word_1_35' title='bbox 1214 989 1430 1054; x_wconf 82' lang='lat' dir='ltr'>consistoriali</span> <span class='ocrx_word' id='word_1_36' title='bbox 1454 990 1494 1054; x_wconf 89' lang='lat' dir='ltr'>de</span> 
     </span>
     <span class='ocr_line' id='line_1_7' title="bbox 307 1077 1494 1160; baseline -0.002 -16"><span class='ocrx_word' id='word_1_37' title='bbox 307 1101 392 1144; x_wconf 90' lang='lat' dir='ltr'>anno</span> <span class='ocrx_word' id='word_1_38' title='bbox 429 1083 532 1156; x_wconf 77' lang='lat'>1626,</span> <span class='ocrx_word' id='word_1_39' title='bbox 568 1085 617 1142; x_wconf 82' lang='lat'>17.</span> <span class='ocrx_word' id='word_1_40' title='bbox 641 1077 826 1160; x_wconf 82' lang='lat' dir='ltr'>Septembri</span> <span class='ocrx_word' id='word_1_41' title='bbox 855 1080 941 1158; x_wconf 89' lang='lat' dir='ltr'>dato,</span> <span class='ocrx_word' id='word_1_42' title='bbox 967 1086 1000 1144; x_wconf 94' lang='lat' dir='ltr'>et</span> <span class='ocrx_word' id='word_1_43' title='bbox 1024 1101 1062 1144; x_wconf 86' lang='lat' dir='ltr'>ex</span> <span class='ocrx_word' id='word_1_44' title='bbox 1086 1079 1293 1146; x_wconf 91' lang='lat' dir='ltr'>observantia</span> <span class='ocrx_word' id='word_1_45' title='bbox 1317 1079 1494 1144; x_wconf 90' lang='lat' dir='ltr'>universali</span> 
     </span>
     <span class='ocr_line' id='line_1_8' title="bbox 307 1169 1494 1251; baseline -0.002 -17"><span class='ocrx_word' id='word_1_46' title='bbox 307 1169 544 1250; x_wconf 89' lang='lat' dir='ltr'>antiquissima,</span> <span class='ocrx_word' id='word_1_47' title='bbox 577 1189 661 1251; x_wconf 89' lang='lat' dir='ltr'>quae</span> <span class='ocrx_word' id='word_1_48' title='bbox 694 1170 775 1233; x_wconf 87' lang='lat' dir='ltr'>bene</span> <span class='ocrx_word' id='word_1_49' title='bbox 807 1169 968 1250; x_wconf 89' lang='lat' dir='ltr'>probatur</span> <span class='ocrx_word' id='word_1_50' title='bbox 1001 1187 1041 1232; x_wconf 83' lang='lat' dir='ltr'>ex</span> <span class='ocrx_word' id='word_1_51' title='bbox 1073 1170 1222 1251; x_wconf 92' lang='lat' dir='ltr'>pluribus</span> <span class='ocrx_word' id='word_1_52' title='bbox 1254 1169 1494 1251; x_wconf 88' lang='lat' dir='ltr'>provisionibus</span> 
     </span>
     <span class='ocr_line' id='line_1_9' title="bbox 309 1257 1492 1341; baseline 0 -19"><span class='ocrx_word' id='word_1_53' title='bbox 309 1259 405 1324; x_wconf 87' lang='lat' dir='ltr'>factis</span> <span class='ocrx_word' id='word_1_54' title='bbox 428 1259 470 1322; x_wconf 90' lang='lat' dir='ltr'>ad</span> <span class='ocrx_word' id='word_1_55' title='bbox 495 1259 750 1322; x_wconf 88' lang='lat' dir='ltr'>nominationem</span> <span class='ocrx_word' id='word_1_56' title='bbox 783 1260 924 1340; x_wconf 73' lang='lat' dir='ltr'>regiam,</span> <span class='ocrx_word' id='word_1_57' title='bbox 949 1265 1041 1322; x_wconf 91' lang='grc'><strong>1110</strong></span> <span class='ocrx_word' id='word_1_58' title='bbox 1066 1261 1169 1341; x_wconf 85' lang='lat' dir='ltr'>magis</span> <span class='ocrx_word' id='word_1_59' title='bbox 1197 1258 1295 1324; x_wconf 89' lang='lat' dir='ltr'>debet</span> <span class='ocrx_word' id='word_1_60' title='bbox 1318 1257 1492 1341; x_wconf 83' lang='lat' dir='ltr'>suffragari</span> 
     </span>
     <span class='ocr_line' id='line_1_10' title="bbox 307 1347 1492 1430; baseline -0.001 -17"><span class='ocrx_word' id='word_1_61' title='bbox 307 1357 341 1414; x_wconf 90' lang='lat' dir='ltr'>et</span> <span class='ocrx_word' id='word_1_62' title='bbox 372 1347 500 1412; x_wconf 91' lang='lat' dir='ltr'>attendi</span> <span class='ocrx_word' id='word_1_63' title='bbox 532 1349 566 1412; x_wconf 91' lang='lat' dir='ltr'>in</span> <span class='ocrx_word' id='word_1_64' title='bbox 599 1369 696 1412; x_wconf 91' lang='lat' dir='ltr'>causa</span> <span class='ocrx_word' id='word_1_65' title='bbox 729 1347 816 1430; x_wconf 91' lang='lat' dir='ltr'>quod</span> <span class='ocrx_word' id='word_1_66' title='bbox 845 1349 885 1412; x_wconf 94' lang='lat' dir='ltr'>de</span> <span class='ocrx_word' id='word_1_67' title='bbox 908 1348 1094 1412; x_wconf 91' lang='lat' dir='ltr'>huiusmodi</span> <span class='ocrx_word' id='word_1_68' title='bbox 1118 1349 1190 1412; x_wconf 90' lang='grc'><strong>1111</strong></span> <span class='ocrx_word' id='word_1_69' title='bbox 1214 1349 1405 1413; x_wconf 91' lang='lat' dir='ltr'>nominandi</span> <span class='ocrx_word' id='word_1_70' title='bbox 1429 1371 1492 1412; x_wconf 92' lang='lat' dir='ltr'>non</span> 
     </span>
     <span class='ocr_line' id='line_1_11' title="bbox 307 1437 1493 1520; baseline -0.001 -18"><span class='ocrx_word' id='word_1_71' title='bbox 307 1441 418 1520; x_wconf 84' lang='lat' dir='ltr'>agitur</span> <span class='ocrx_word' id='word_1_72' title='bbox 438 1438 671 1520; x_wconf 82' lang='lat' dir='ltr'>principaliter,</span> <span class='ocrx_word' id='word_1_73' title='bbox 691 1437 747 1502; x_wconf 92' lang='lat' dir='ltr'>sed</span> <span class='ocrx_word' id='word_1_74' title='bbox 763 1437 946 1502; x_wconf 87' lang='lat' dir='ltr'>incidenter</span> <span class='ocrx_word' id='word_1_75' title='bbox 962 1439 1004 1501; x_wconf 91' lang='lat' dir='ltr'>ad</span> <span class='ocrx_word' id='word_1_76' title='bbox 1023 1437 1174 1502; x_wconf 86' lang='lat' dir='ltr'>effectum</span> <span class='ocrx_word' id='word_1_77' title='bbox 1193 1437 1374 1503; x_wconf 83' lang='lat' dir='ltr'>validitatis</span> <span class='ocrx_word' id='word_1_78' title='bbox 1391 1439 1493 1502; x_wconf 90' lang='lat' dir='ltr'>nomi·</span> 
     </span>
     <span class='ocr_line' id='line_1_12' title="bbox 308 1526 1493 1609; baseline 0 -17"><span class='ocrx_word' id='word_1_79' title='bbox 308 1527 458 1595; x_wconf 81' lang='lat' dir='ltr'>nationis,</span> <span class='ocrx_word' id='word_1_80' title='bbox 483 1548 547 1608; x_wconf 92' lang='lat' dir='ltr'>quo</span> <span class='ocrx_word' id='word_1_81' title='bbox 571 1548 648 1592; x_wconf 89' lang='lat' dir='ltr'>casu</span> <span class='ocrx_word' id='word_1_82' title='bbox 671 1526 842 1590; x_wconf 82' lang='lat' dir='ltr'>sufficiunt</span> <span class='ocrx_word' id='word_1_83' title='bbox 865 1527 1000 1591; x_wconf 90' lang='lat' dir='ltr'>leviores</span> <span class='ocrx_word' id='word_1_84' title='bbox 1023 1528 1232 1609; x_wconf 88' lang='lat' dir='ltr'>probationes</span> <span class='ocrx_word' id='word_1_85' title='bbox 1251 1547 1289 1593; x_wconf 90' lang='lat' dir='ltr'>ao</span> <span class='ocrx_word' id='word_1_86' title='bbox 1309 1528 1409 1592; x_wconf 88' lang='lat' dir='ltr'>etiam</span> <span class='ocrx_word' id='word_1_87' title='bbox 1426 1529 1493 1592; x_wconf 91' lang='lat' dir='ltr'>sola</span> 
     </span>
     <span class='ocr_line' id='line_1_13' title="bbox 308 1617 1492 1700; baseline 0.002 -20"><span class='ocrx_word' id='word_1_88' title='bbox 308 1618 402 1700; x_wconf 90' lang='lat' dir='ltr'>quasi</span> <span class='ocrx_word' id='word_1_89' title='bbox 426 1617 600 1698; x_wconf 76' lang='lat' dir='ltr'>possessi03</span> <span class='ocrx_word' id='word_1_90' title='bbox 617 1663 623 1678; x_wconf 88' lang='lat'><strong><em>.</em></strong></span> <span class='ocrx_word' id='word_1_91' title='bbox 641 1663 648 1677; x_wconf 89' lang='lat'><strong>.</strong></span> <span class='ocrx_word' id='word_1_92' title='bbox 664 1663 671 1678; x_wconf 90' lang='lat'><strong>.</strong></span> <span class='ocrx_word' id='word_1_93' title='bbox 688 1622 720 1679; x_wconf 92' lang='lat' dir='ltr'>et</span> <span class='ocrx_word' id='word_1_94' title='bbox 737 1617 870 1698; x_wconf 90' lang='lat' dir='ltr'>quando</span> <span class='ocrx_word' id='word_1_95' title='bbox 885 1638 983 1680; x_wconf 90' lang='lat' dir='ltr'>causa</span> <span class='ocrx_word' id='word_1_96' title='bbox 1000 1619 1206 1699; x_wconf 86' lang='lat' dir='ltr'>possessionis</span> <span class='ocrx_word' id='word_1_97' title='bbox 1222 1626 1271 1683; x_wconf 91' lang='lat' dir='ltr'>est</span> <span class='ocrx_word' id='word_1_98' title='bbox 1291 1618 1492 1696; x_wconf 89' lang='lat' dir='ltr'>universalis,</span> 
     </span>
     <span class='ocr_line' id='line_1_14' title="bbox 306 1706 1022 1790; baseline 0.001 -19"><span class='ocrx_word' id='word_1_99' title='bbox 306 1706 509 1788; x_wconf 85' lang='lat' dir='ltr'>suffragatur</span> <span class='ocrx_word' id='word_1_100' title='bbox 532 1707 687 1790; x_wconf 89' lang='lat' dir='ltr'>possessio</span> <span class='ocrx_word' id='word_1_101' title='bbox 712 1706 819 1787; x_wconf 89' lang='lat' dir='ltr'>quoad</span> <span class='ocrx_word' id='word_1_102' title='bbox 843 1707 1022 1772; x_wconf 86' lang='lat' dir='ltr'>omnia...</span> 
     </span>
    </p>

    <p class='ocr_par' dir='ltr' id='par_1_4' title="bbox 304 1795 1492 2862">
     <span class='ocr_line' id='line_1_15' title="bbox 414 1795 1491 1878; baseline 0.002 -20"><span class='ocrx_word' id='word_1_103' title='bbox 414 1796 466 1860; x_wconf 82' lang='lat' dir='ltr'>Ex</span> <span class='ocrx_word' id='word_1_104' title='bbox 489 1796 540 1860; x_wconf 93' lang='lat' dir='ltr'>bis</span> <span class='ocrx_word' id='word_1_105' title='bbox 564 1795 721 1878; x_wconf 90' lang='lat' dir='ltr'>sequitur,</span> <span class='ocrx_word' id='word_1_106' title='bbox 740 1797 826 1876; x_wconf 91' lang='lat' dir='ltr'>quod</span> <span class='ocrx_word' id='word_1_107' title='bbox 846 1796 980 1860; x_wconf 90' lang='lat' dir='ltr'>ecclesia</span> <span class='ocrx_word' id='word_1_108' title='bbox 997 1796 1278 1862; x_wconf 81' lang='lat' dir='ltr'>Transilvanensis</span> <span class='ocrx_word' id='word_1_109' title='bbox 1295 1797 1403 1860; x_wconf 90' lang='lat' dir='ltr'>veniat</span> <span class='ocrx_word' id='word_1_110' title='bbox 1419 1818 1491 1878; x_wconf 89' lang='lat' dir='ltr'>pro··</span> 
     </span>
     <span class='ocr_line' id='line_1_16' title="bbox 307 1884 1491 1969; baseline 0.004 -24"><span class='ocrx_word' id='word_1_111' title='bbox 307 1884 446 1948; x_wconf 90' lang='lat' dir='ltr'>videnda</span> <span class='ocrx_word' id='word_1_112' title='bbox 478 1885 519 1948; x_wconf 88' lang='lat' dir='ltr'>ad</span> <span class='ocrx_word' id='word_1_113' title='bbox 553 1885 806 1949; x_wconf 89' lang='lat' dir='ltr'>nominationem</span> <span class='ocrx_word' id='word_1_114' title='bbox 840 1886 1034 1950; x_wconf 90' lang='lat' dir='ltr'>serenissimi</span> <span class='ocrx_word' id='word_1_115' title='bbox 1067 1887 1152 1968; x_wconf 86' lang='lat' dir='ltr'>regis</span> <span class='ocrx_word' id='word_1_116' title='bbox 1186 1886 1388 1969; x_wconf 86' lang='lat' dir='ltr'>Hungariae,</span> <span class='ocrx_word' id='word_1_117' title='bbox 1414 1887 1491 1968; x_wconf 90' lang='lat' dir='ltr'>quia</span> 
     </span>
     <span class='ocr_line' id='line_1_17' title="bbox 306 1974 1491 2059; baseline 0.003 -22"><span class='ocrx_word' id='word_1_118' title='bbox 306 1974 397 2038; x_wconf 89' lang='lat' dir='ltr'>dicta</span> <span class='ocrx_word' id='word_1_119' title='bbox 421 1975 554 2038; x_wconf 89' lang='lat' dir='ltr'>ecclesia</span> <span class='ocrx_word' id='word_1_120' title='bbox 578 1983 627 2040; x_wconf 89' lang='grc'>111</span> <span class='ocrx_word' id='word_1_121' title='bbox 650 1975 740 2038; x_wconf 89' lang='lat' dir='ltr'>intra</span> <span class='ocrx_word' id='word_1_122' title='bbox 763 1975 883 2039; x_wconf 86' lang='lat' dir='ltr'>limites</span> <span class='ocrx_word' id='word_1_123' title='bbox 907 1975 987 2040; x_wconf 92' lang='lat' dir='ltr'>dicti</span> <span class='ocrx_word' id='word_1_124' title='bbox 1012 1976 1113 2058; x_wconf 85' lang='lat' dir='ltr'>regni,</span> <span class='ocrx_word' id='word_1_125' title='bbox 1138 1983 1171 2040; x_wconf 90' lang='grc'>11</span> <span class='ocrx_word' id='word_1_126' title='bbox 1194 1983 1370 2059; x_wconf 91' lang='lat' dir='ltr'>reputatur</span> <span class='ocrx_word' id='word_1_127' title='bbox 1403 1976 1491 2040; x_wconf 90' lang='lat' dir='ltr'>illius</span> 
     </span>
     <span class='ocr_line' id='line_1_18' title="bbox 306 2065 1492 2149; baseline 0.003 -23"><span class='ocrx_word' id='word_1_128' title='bbox 306 2065 497 2142; x_wconf 88' lang='lat' dir='ltr'>membrum,</span> <span class='ocrx_word' id='word_1_129' title='bbox 531 2071 563 2128; x_wconf 92' lang='grc'>11</span> <span class='ocrx_word' id='word_1_130' title='bbox 596 2065 762 2146; x_wconf 89' lang='lat' dir='ltr'>episcopus</span> <span class='ocrx_word' id='word_1_131' title='bbox 795 2072 953 2147; x_wconf 89' lang='lat' dir='ltr'>tanquam</span> <span class='ocrx_word' id='word_1_132' title='bbox 984 2066 1151 2148; x_wconf 88' lang='lat' dir='ltr'>praelatus</span> <span class='ocrx_word' id='word_1_133' title='bbox 1181 2067 1274 2149; x_wconf 85' lang='lat' dir='ltr'>regni</span> <span class='ocrx_word' id='word_1_134' title='bbox 1309 2066 1435 2130; x_wconf 89' lang='lat' dir='ltr'>accedit</span> <span class='ocrx_word' id='word_1_135' title='bbox 1459 2072 1492 2129; x_wconf 93' lang='lat' dir='ltr'>et</span> 
     </span>
     <span class='ocr_line' id='line_1_19' title="bbox 306 2153 1491 2238; baseline 0.002 -22"><span class='ocrx_word' id='word_1_136' title='bbox 306 2153 443 2217; x_wconf 90' lang='lat' dir='ltr'>interest</span> <span class='ocrx_word' id='word_1_137' title='bbox 476 2154 582 2231; x_wconf 90' lang='lat' dir='ltr'>dietis,</span> <span class='ocrx_word' id='word_1_138' title='bbox 615 2161 653 2218; x_wconf 88' lang='lat' dir='ltr'>ut</span> <span class='ocrx_word' id='word_1_139' title='bbox 686 2161 814 2219; x_wconf 88' lang='lat' dir='ltr'>constat</span> <span class='ocrx_word' id='word_1_140' title='bbox 847 2176 887 2218; x_wconf 86' lang='lat' dir='ltr'>ex</span> <span class='ocrx_word' id='word_1_141' title='bbox 919 2155 1209 2220; x_wconf 88' lang='lat' dir='ltr'>constitutionibus</span> <span class='ocrx_word' id='word_1_142' title='bbox 1233 2155 1434 2238; x_wconf 83' lang='lat' dir='ltr'>Sigismundi</span> <span class='ocrx_word' id='word_1_143' title='bbox 1458 2162 1491 2219; x_wconf 91' lang='lat' dir='ltr'>et</span> 
     </span>
     <span class='ocr_line' id='line_1_20' title="bbox 307 2242 1491 2328; baseline 0.003 -22"><span class='ocrx_word' id='word_1_144' title='bbox 307 2243 457 2308; x_wconf 89' lang='lat' dir='ltr'>Mathiae</span> <span class='ocrx_word' id='word_1_145' title='bbox 491 2242 622 2308; x_wconf 80' lang='lat' dir='ltr'>Corvini</span> <span class='ocrx_word' id='word_1_146' title='bbox 656 2265 769 2326; x_wconf 86' lang='lat' dir='ltr'>regum</span> <span class='ocrx_word' id='word_1_147' title='bbox 802 2244 1005 2326; x_wconf 87' lang='lat' dir='ltr'>Hungariae,</span> <span class='ocrx_word' id='word_1_148' title='bbox 1038 2245 1072 2308; x_wconf 90' lang='lat' dir='ltr'>in</span> <span class='ocrx_word' id='word_1_149' title='bbox 1099 2245 1219 2328; x_wconf 91' lang='lat' dir='ltr'>quibus</span> <span class='ocrx_word' id='word_1_150' title='bbox 1243 2246 1491 2309; x_wconf 87' lang='lat' dir='ltr'>intervenerunt</span> 
     </span>
     <span class='ocr_line' id='line_1_21' title="bbox 306 2332 1491 2418; baseline 0.002 -22"><span class='ocrx_word' id='word_1_151' title='bbox 306 2333 446 2415; x_wconf 90' lang='lat' dir='ltr'>episcopi</span> <span class='ocrx_word' id='word_1_152' title='bbox 472 2332 727 2397; x_wconf 77' lang='lat' dir='ltr'>Transilvaniae.</span> <span class='ocrx_word' id='word_1_153' title='bbox 745 2382 751 2396; x_wconf 94' lang='lat'>.</span> <span class='ocrx_word' id='word_1_154' title='bbox 768 2383 774 2397; x_wconf 94' lang='lat'>.</span> <span class='ocrx_word' id='word_1_155' title='bbox 791 2383 798 2397; x_wconf 94' lang='lat'>.</span> <span class='ocrx_word' id='word_1_156' title='bbox 816 2334 862 2397; x_wconf 86' lang='lat' dir='ltr'>Et</span> <span class='ocrx_word' id='word_1_157' title='bbox 886 2335 972 2416; x_wconf 91' lang='lat' dir='ltr'>quod</span> <span class='ocrx_word' id='word_1_158' title='bbox 997 2335 1136 2418; x_wconf 90' lang='lat' dir='ltr'>episcopi</span> <span class='ocrx_word' id='word_1_159' title='bbox 1160 2335 1351 2398; x_wconf 90' lang='lat' dir='ltr'>nominandi</span> <span class='ocrx_word' id='word_1_160' title='bbox 1366 2335 1491 2417; x_wconf 88' lang='lat' dir='ltr'>possint</span> 
     </span>
     <span class='ocr_line' id='line_1_22' title="bbox 306 2422 1490 2507; baseline 0.003 -23"><span class='ocrx_word' id='word_1_161' title='bbox 306 2422 457 2503; x_wconf 89' lang='lat' dir='ltr'>prodesse</span> <span class='ocrx_word' id='word_1_162' title='bbox 481 2443 597 2486; x_wconf 88' lang='lat' dir='ltr'>causae</span> <span class='ocrx_word' id='word_1_163' title='bbox 621 2423 787 2505; x_wconf 87' lang='lat' dir='ltr'>religionis</span> <span class='ocrx_word' id='word_1_164' title='bbox 811 2423 999 2503; x_wconf 88' lang='lat' dir='ltr'>catholicae,</span> <span class='ocrx_word' id='word_1_165' title='bbox 1023 2446 1088 2489; x_wconf 91' lang='lat' dir='ltr'>non</span> <span class='ocrx_word' id='word_1_166' title='bbox 1112 2425 1244 2488; x_wconf 89' lang='lat' dir='ltr'>videtur</span> <span class='ocrx_word' id='word_1_167' title='bbox 1266 2445 1357 2507; x_wconf 89' lang='lat' dir='ltr'>posse</span> <span class='ocrx_word' id='word_1_168' title='bbox 1380 2423 1490 2506; x_wconf 90' lang='lat' dir='ltr'>aliquo</span> 
     </span>
     <span class='ocr_line' id='line_1_23' title="bbox 305 2513 1490 2596; baseline 0.002 -22"><span class='ocrx_word' id='word_1_169' title='bbox 305 2518 401 2593; x_wconf 90' lang='lat' dir='ltr'>pacto</span> <span class='ocrx_word' id='word_1_170' title='bbox 424 2513 630 2589; x_wconf 91' lang='lat' dir='ltr'>controverti,</span> <span class='ocrx_word' id='word_1_171' title='bbox 654 2513 843 2594; x_wconf 84' lang='lat' dir='ltr'>praesertim</span> <span class='ocrx_word' id='word_1_172' title='bbox 868 2513 1078 2596; x_wconf 90' lang='lat' dir='ltr'>ponderando</span> <span class='ocrx_word' id='word_1_173' title='bbox 1101 2535 1252 2596; x_wconf 84' lang='lat' dir='ltr'>magnam</span> <span class='ocrx_word' id='word_1_174' title='bbox 1269 2514 1490 2596; x_wconf 86' lang='lat' dir='ltr'>quantitatem</span> 
     </span>
     <span class='ocr_line' id='line_1_24' title="bbox 305 2601 1490 2686; baseline 0.002 -22"><span class='ocrx_word' id='word_1_175' title='bbox 305 2601 543 2665; x_wconf 87' lang='lat' dir='ltr'>haereticorum</span> <span class='ocrx_word' id='word_1_176' title='bbox 566 2601 600 2666; x_wconf 91' lang='lat' dir='ltr'>in</span> <span class='ocrx_word' id='word_1_177' title='bbox 624 2602 711 2666; x_wconf 91' lang='lat' dir='ltr'>dicto</span> <span class='ocrx_word' id='word_1_178' title='bbox 745 2603 932 2686; x_wconf 90' lang='lat' dir='ltr'>episcopatu</span> <span class='ocrx_word' id='word_1_179' title='bbox 965 2604 1192 2680; x_wconf 74' lang='lat' dir='ltr'>existentium,</span> <span class='ocrx_word' id='word_1_180' title='bbox 1217 2624 1255 2667; x_wconf 91' lang='lat' dir='ltr'>ac</span> <span class='ocrx_word' id='word_1_181' title='bbox 1279 2605 1379 2668; x_wconf 89' lang='lat' dir='ltr'>etiam</span> <span class='ocrx_word' id='word_1_182' title='bbox 1403 2603 1490 2685; x_wconf 90' lang='lat' dir='ltr'>quod</span> 
     </span>
     <span class='ocr_line' id='line_1_25' title="bbox 305 2690 1489 2776; baseline 0.002 -20"><span class='ocrx_word' id='word_1_183' title='bbox 305 2713 341 2756; x_wconf 89' lang='lat' dir='ltr'>eo</span> <span class='ocrx_word' id='word_1_184' title='bbox 365 2690 434 2773; x_wconf 92' lang='lat' dir='ltr'>ipso</span> <span class='ocrx_word' id='word_1_185' title='bbox 459 2693 544 2773; x_wconf 90' lang='lat' dir='ltr'>quod</span> <span class='ocrx_word' id='word_1_186' title='bbox 568 2692 792 2756; x_wconf 91' lang='lat' dir='ltr'>interveniunt</span> <span class='ocrx_word' id='word_1_187' title='bbox 808 2693 842 2756; x_wconf 89' lang='lat' dir='ltr'>in</span> <span class='ocrx_word' id='word_1_188' title='bbox 859 2693 964 2773; x_wconf 90' lang='lat' dir='ltr'>dietis,</span> <span class='ocrx_word' id='word_1_189' title='bbox 988 2702 1123 2775; x_wconf 87' lang='lat' dir='ltr'>possunt</span> <span class='ocrx_word' id='word_1_190' title='bbox 1142 2693 1319 2776; x_wconf 91' lang='lat' dir='ltr'>plurimum</span> <span class='ocrx_word' id='word_1_191' title='bbox 1336 2693 1489 2758; x_wconf 90' lang='lat' dir='ltr'>ecclesiae</span> 
     </span>
     <span class='ocr_line' id='line_1_26' title="bbox 304 2782 463 2862; baseline 0 -18"><span class='ocrx_word' id='word_1_192' title='bbox 304 2782 463 2862; x_wconf 86' lang='lat' dir='ltr'>prodesse.</span> 
     </span>
    </p>

    <p class='ocr_par' dir='ltr' id='par_1_5' title="bbox 230 2869 1489 3471">
     <span class='ocr_line' id='line_1_27' title="bbox 332 2869 1488 2955; baseline -0.002 -19"><span class='ocrx_word' id='word_1_193' title='bbox 332 2917 333 2922; x_wconf 38' lang='lat'>1</span> <span class='ocrx_word' id='word_1_194' title='bbox 413 2869 621 2936; x_wconf 79' lang='lat' dir='ltr'>Concurrunt</span> <span class='ocrx_word' id='word_1_195' title='bbox 645 2871 744 2936; x_wconf 89' lang='lat' dir='ltr'>etiam</span> <span class='ocrx_word' id='word_1_196' title='bbox 767 2872 871 2952; x_wconf 91' lang='lat' dir='ltr'>plura,</span> <span class='ocrx_word' id='word_1_197' title='bbox 895 2893 935 2936; x_wconf 85' lang='lat' dir='ltr'>ex</span> <span class='ocrx_word' id='word_1_198' title='bbox 959 2872 1079 2955; x_wconf 89' lang='lat' dir='ltr'>quibus</span> <span class='ocrx_word' id='word_1_199' title='bbox 1102 2873 1153 2938; x_wconf 90' lang='lat' dir='ltr'>ius</span> <span class='ocrx_word' id='word_1_200' title='bbox 1177 2873 1363 2936; x_wconf 90' lang='lat' dir='ltr'>huiusmodi</span> <span class='ocrx_word' id='word_1_201' title='bbox 1386 2873 1488 2936; x_wconf 90' lang='lat' dir='ltr'>nomi-</span> 
     </span>
     <span class='ocr_line' id='line_1_28' title="bbox 305 2960 1489 3043; baseline 0 -19"><span class='ocrx_word' id='word_1_202' title='bbox 305 2960 405 3024; x_wconf 90' lang='lat' dir='ltr'>nandi</span> <span class='ocrx_word' id='word_1_203' title='bbox 438 2967 487 3024; x_wconf 87' lang='lat' dir='ltr'>est</span> <span class='ocrx_word' id='word_1_204' title='bbox 519 2961 773 3024; x_wconf 88' lang='lat' dir='ltr'>adiudicandum</span> <span class='ocrx_word' id='word_1_205' title='bbox 808 2963 1010 3026; x_wconf 90' lang='lat' dir='ltr'>serenissimo</span> <span class='ocrx_word' id='word_1_206' title='bbox 1043 2963 1130 3043; x_wconf 79' lang='lat' dir='ltr'>regi3</span> <span class='ocrx_word' id='word_1_207' title='bbox 1155 2983 1231 3025; x_wconf 91' lang='lat' dir='ltr'>nam</span> <span class='ocrx_word' id='word_1_208' title='bbox 1257 2962 1416 3043; x_wconf 91' lang='lat' dir='ltr'>imprimis</span> <span class='ocrx_word' id='word_1_209' title='bbox 1438 2983 1489 3024; x_wconf 90' lang='lat' dir='ltr'>rc-</span> 
     </span>
     <span class='ocr_line' id='line_1_29' title="bbox 230 3049 1488 3134; baseline -0.002 -17"><span class='ocrx_word' id='word_1_210' title='bbox 230 3109 235 3117; x_wconf 91' lang='lat'><em>.</em></span> <span class='ocrx_word' id='word_1_211' title='bbox 304 3059 417 3132; x_wconf 91' lang='lat' dir='ltr'>spectu</span> <span class='ocrx_word' id='word_1_212' title='bbox 441 3050 538 3114; x_wconf 92' lang='lat' dir='ltr'>huius</span> <span class='ocrx_word' id='word_1_213' title='bbox 563 3051 766 3133; x_wconf 89' lang='lat' dir='ltr'>episcopatus</span> <span class='ocrx_word' id='word_1_214' title='bbox 780 3053 947 3116; x_wconf 89' lang='lat' dir='ltr'>concurrit</span> <span class='ocrx_word' id='word_1_215' title='bbox 963 3052 1049 3134; x_wconf 91' lang='lat' dir='ltr'>quod</span> <span class='ocrx_word' id='word_1_216' title='bbox 1066 3049 1295 3133; x_wconf 81' lang='lat' dir='ltr'>Sigismundus</span> <span class='ocrx_word' id='word_1_217' title='bbox 1311 3051 1488 3115; x_wconf 88' lang='lat' dir='ltr'>Battorcus</span> 
     </span>
     <span class='ocr_line' id='line_1_30' title="bbox 304 3140 1488 3223; baseline 0.002 -21"><span class='ocrx_word' id='word_1_218' title='bbox 304 3141 492 3218; x_wconf 89' lang='lat' dir='ltr'>nominavit,</span> <span class='ocrx_word' id='word_1_219' title='bbox 517 3148 550 3204; x_wconf 90' lang='lat' dir='ltr'>et</span> <span class='ocrx_word' id='word_1_220' title='bbox 573 3140 752 3204; x_wconf 90' lang='lat' dir='ltr'>nominatio</span> <span class='ocrx_word' id='word_1_221' title='bbox 775 3141 892 3204; x_wconf 91' lang='lat' dir='ltr'>habuit</span> <span class='ocrx_word' id='word_1_222' title='bbox 917 3141 1085 3219; x_wconf 82' lang='lat' dir='ltr'>effectum3</span> <span class='ocrx_word' id='word_1_223' title='bbox 1109 3141 1207 3206; x_wconf 86' lang='lat' dir='ltr'>etita</span> <span class='ocrx_word' id='word_1_224' title='bbox 1225 3143 1334 3223; x_wconf 87' lang='lat' dir='ltr'>potius</span> <span class='ocrx_word' id='word_1_225' title='bbox 1358 3141 1488 3204; x_wconf 92' lang='lat' dir='ltr'>videtur</span> 
     </span>
     <span class='ocr_line' id='line_1_31' title="bbox 303 3229 1487 3314; baseline 0.002 -22"><span class='ocrx_word' id='word_1_226' title='bbox 303 3229 357 3310; x_wconf 85' lang='lat' dir='ltr'>agi</span> <span class='ocrx_word' id='word_1_227' title='bbox 381 3229 421 3292; x_wconf 87' lang='lat' dir='ltr'>de</span> <span class='ocrx_word' id='word_1_228' title='bbox 444 3229 643 3311; x_wconf 86' lang='lat' dir='ltr'>pertinentia</span> <span class='ocrx_word' id='word_1_229' title='bbox 667 3231 748 3293; x_wconf 88' lang='lat' dir='ltr'>iuris</span> <span class='ocrx_word' id='word_1_230' title='bbox 771 3231 961 3294; x_wconf 87' lang='lat' dir='ltr'>nominandi</span> <span class='ocrx_word' id='word_1_231' title='bbox 985 3252 1083 3314; x_wconf 90' lang='lat' dir='ltr'>quam</span> <span class='ocrx_word' id='word_1_232' title='bbox 1112 3231 1152 3295; x_wconf 91' lang='lat' dir='ltr'>de</span> <span class='ocrx_word' id='word_1_233' title='bbox 1184 3231 1271 3294; x_wconf 92' lang='lat' dir='ltr'>illius</span> <span class='ocrx_word' id='word_1_234' title='bbox 1305 3230 1487 3309; x_wconf 85' lang='lat' dir='ltr'>existentia,</span> 
     </span>
     <span class='ocr_line' id='line_1_32' title="bbox 303 3318 1487 3401; baseline 0.003 -21"><span class='ocrx_word' id='word_1_235' title='bbox 303 3327 336 3380; x_wconf 89' lang='grc'>11</span> <span class='ocrx_word' id='word_1_236' title='bbox 360 3318 431 3383; x_wconf 92' lang='lat' dir='ltr'>ideo</span> <span class='ocrx_word' id='word_1_237' title='bbox 448 3319 489 3382; x_wconf 91' lang='lat' dir='ltr'>ad</span> <span class='ocrx_word' id='word_1_238' title='bbox 506 3319 708 3401; x_wconf 88' lang='lat' dir='ltr'>probandam</span> <span class='ocrx_word' id='word_1_239' title='bbox 725 3321 957 3401; x_wconf 89' lang='lat' dir='ltr'>pertinentiam</span> <span class='ocrx_word' id='word_1_240' title='bbox 980 3321 1114 3384; x_wconf 89' lang='lat' dir='ltr'>leviores</span> <span class='ocrx_word' id='word_1_241' title='bbox 1137 3319 1345 3401; x_wconf 87' lang='lat' dir='ltr'>probationes</span> <span class='ocrx_word' id='word_1_242' title='bbox 1368 3321 1487 3384; x_wconf 87' lang='lat' dir='ltr'>admit-</span> 
     </span>
     <span class='ocr_line' id='line_1_33' title="bbox 304 3414 609 3471; baseline 0 -2"><span class='ocrx_word' id='word_1_243' title='bbox 304 3414 429 3471; x_wconf 92' lang='lat' dir='ltr'>tuntur.</span> <span class='ocrx_word' id='word_1_244' title='bbox 446 3457 452 3471; x_wconf 94' lang='lat'><strong>.</strong></span> <span class='ocrx_word' id='word_1_245' title='bbox 469 3456 499 3471; x_wconf 87' lang='grc'>..</span> <span class='ocrx_word' id='word_1_246' title='bbox 607 3464 609 3469; x_wconf 93' lang='grc'>.</span> 
     </span>
    </p>

    <p class='ocr_par' dir='ltr' id='par_1_6' title="bbox 301 3497 1487 4029">
     <span class='ocr_line' id='line_1_34' title="bbox 411 3497 1487 3580; baseline 0 -19"><span class='ocrx_word' id='word_1_247' title='bbox 411 3498 618 3561; x_wconf 88' lang='lat' dir='ltr'>Pertinentia</span> <span class='ocrx_word' id='word_1_248' title='bbox 651 3505 761 3562; x_wconf 90' lang='lat' dir='ltr'>autem</span> <span class='ocrx_word' id='word_1_249' title='bbox 800 3500 908 3580; x_wconf 92' lang='lat' dir='ltr'>potius</span> <span class='ocrx_word' id='word_1_250' title='bbox 940 3506 989 3563; x_wconf 90' lang='lat' dir='ltr'>est</span> <span class='ocrx_word' id='word_1_251' title='bbox 1027 3499 1247 3564; x_wconf 88' lang='lat' dir='ltr'>adiudicanda</span> <span class='ocrx_word' id='word_1_252' title='bbox 1285 3497 1487 3562; x_wconf 89' lang='lat' dir='ltr'>serenissimo</span> 
     </span>
     <span class='ocr_line' id='line_1_35' title="bbox 302 3586 1487 3669; baseline 0.002 -20"><span class='ocrx_word' id='word_1_253' title='bbox 302 3586 380 3668; x_wconf 85' lang='lat' dir='ltr'>regi,</span> <span class='ocrx_word' id='word_1_254' title='bbox 405 3587 541 3651; x_wconf 88' lang='lat' dir='ltr'>habenti</span> <span class='ocrx_word' id='word_1_255' title='bbox 564 3609 677 3651; x_wconf 92' lang='lat' dir='ltr'>earum</span> <span class='ocrx_word' id='word_1_256' title='bbox 701 3589 914 3652; x_wconf 89' lang='lat' dir='ltr'>universalem</span> <span class='ocrx_word' id='word_1_257' title='bbox 937 3597 971 3652; x_wconf 88' lang='grc'>11</span> <span class='ocrx_word' id='word_1_258' title='bbox 994 3588 1173 3652; x_wconf 92' lang='lat' dir='ltr'>dominium</span> <span class='ocrx_word' id='word_1_259' title='bbox 1197 3589 1366 3667; x_wconf 88' lang='lat' dir='ltr'>directum,</span> <span class='ocrx_word' id='word_1_260' title='bbox 1389 3594 1487 3669; x_wconf 91' lang='lat' dir='ltr'>prout</span> 
     </span>
     <span class='ocr_line' id='line_1_36' title="bbox 303 3677 1485 3761; baseline 0 -21"><span class='ocrx_word' id='word_1_261' title='bbox 303 3677 403 3740; x_wconf 88' lang='lat' dir='ltr'>etiam</span> <span class='ocrx_word' id='word_1_262' title='bbox 426 3678 461 3739; x_wconf 95' lang='lat' dir='ltr'>in</span> <span class='ocrx_word' id='word_1_263' title='bbox 485 3677 590 3759; x_wconf 88' lang='lat' dir='ltr'>specie</span> <span class='ocrx_word' id='word_1_264' title='bbox 614 3678 716 3741; x_wconf 88' lang='lat' dir='ltr'>estin</span> <span class='ocrx_word' id='word_1_265' title='bbox 736 3680 933 3761; x_wconf 91' lang='lat' dir='ltr'>possessione</span> <span class='ocrx_word' id='word_1_266' title='bbox 957 3679 1146 3743; x_wconf 89' lang='lat' dir='ltr'>nominandi</span> <span class='ocrx_word' id='word_1_267' title='bbox 1171 3679 1354 3760; x_wconf 92' lang='lat' dir='ltr'>episcopum</span> <span class='ocrx_word' id='word_1_268' title='bbox 1380 3677 1485 3742; x_wconf 90' lang='lat' dir='ltr'>Vara-</span> 
     </span>
     <span class='ocr_line' id='line_1_37' title="bbox 302 3765 1485 3850; baseline 0.001 -22"><span class='ocrx_word' id='word_1_269' title='bbox 302 3765 446 3830; x_wconf 87' lang='lat' dir='ltr'>diensem</span> <span class='ocrx_word' id='word_1_270' title='bbox 469 3767 621 3831; x_wconf 90' lang='lat' dir='ltr'>similiter</span> <span class='ocrx_word' id='word_1_271' title='bbox 644 3768 836 3831; x_wconf 90' lang='lat' dir='ltr'>existentem</span> <span class='ocrx_word' id='word_1_272' title='bbox 860 3769 894 3830; x_wconf 91' lang='lat' dir='ltr'>in</span> <span class='ocrx_word' id='word_1_273' title='bbox 924 3768 1169 3846; x_wconf 79' lang='lat' dir='ltr'>Transilvania;</span> <span class='ocrx_word' id='word_1_274' title='bbox 1193 3767 1386 3850; x_wconf 89' lang='lat' dir='ltr'>praesertim</span> <span class='ocrx_word' id='word_1_275' title='bbox 1410 3787 1485 3830; x_wconf 91' lang='lat' dir='ltr'>cum</span> 
     </span>
     <span class='ocr_line' id='line_1_38' title="bbox 302 3855 1486 3946; baseline 0.002 -28"><span class='ocrx_word' id='word_1_276' title='bbox 302 3855 370 3938; x_wconf 90' lang='lat' dir='ltr'>ipse</span> <span class='ocrx_word' id='word_1_277' title='bbox 403 3863 571 3937; x_wconf 89' lang='lat' dir='ltr'>tamquam</span> <span class='ocrx_word' id='word_1_278' title='bbox 604 3857 753 3939; x_wconf 87' lang='lat' dir='ltr'>princeps</span> <span class='ocrx_word' id='word_1_279' title='bbox 791 3859 879 3940; x_wconf 88' lang='lat' dir='ltr'>pacis</span> <span class='ocrx_word' id='word_1_280' title='bbox 908 3865 945 3946; x_wconf 87' lang='lat' dir='ltr'>et</span> <span class='ocrx_word' id='word_1_281' title='bbox 976 3859 1156 3922; x_wconf 90' lang='lat' dir='ltr'>catholicus</span> <span class='ocrx_word' id='word_1_282' title='bbox 1188 3880 1225 3922; x_wconf 90' lang='lat' dir='ltr'>ao</span> <span class='ocrx_word' id='word_1_283' title='bbox 1258 3858 1298 3921; x_wconf 87' lang='lat' dir='ltr'>de</span> <span class='ocrx_word' id='word_1_284' title='bbox 1330 3856 1486 3939; x_wconf 83' lang='lat' dir='ltr'>religione</span> 
     </span>
     <span class='ocr_line' id='line_1_39' title="bbox 301 3946 1485 4029; baseline 0.001 -22"><span class='ocrx_word' id='word_1_285' title='bbox 301 3946 424 4028; x_wconf 89' lang='lat' dir='ltr'>optime</span> <span class='ocrx_word' id='word_1_286' title='bbox 457 3947 600 4025; x_wconf 89' lang='lat' dir='ltr'>meritus,</span> <span class='ocrx_word' id='word_1_287' title='bbox 633 3948 734 4028; x_wconf 91' lang='lat' dir='ltr'>possit</span> <span class='ocrx_word' id='word_1_288' title='bbox 767 3955 913 4011; x_wconf 88' lang='lat' dir='ltr'>sanctam</span> <span class='ocrx_word' id='word_1_289' title='bbox 945 3946 1042 4012; x_wconf 91' lang='lat' dir='ltr'>fidem</span> <span class='ocrx_word' id='word_1_290' title='bbox 1073 3947 1265 4011; x_wconf 90' lang='lat' dir='ltr'>catholicam</span> <span class='ocrx_word' id='word_1_291' title='bbox 1289 3966 1485 4029; x_wconf 91' lang='lat' dir='ltr'>promovere.</span> 
     </span>
    </p>

    <p class='ocr_par' dir='ltr' id='par_1_7' title="bbox 410 4035 1484 4119">
     <span class='ocr_line' id='line_1_40' title="bbox 410 4035 1484 4119; baseline 0.001 -22"><span class='ocrx_word' id='word_1_292' title='bbox 410 4035 456 4097; x_wconf 81' lang='lat' dir='ltr'>Et</span> <span class='ocrx_word' id='word_1_293' title='bbox 479 4043 528 4100; x_wconf 88' lang='lat' dir='ltr'>est</span> <span class='ocrx_word' id='word_1_294' title='bbox 551 4036 807 4118; x_wconf 90' lang='lat' dir='ltr'>ponderandum,</span> <span class='ocrx_word' id='word_1_295' title='bbox 841 4035 927 4119; x_wconf 92' lang='lat' dir='ltr'>quod</span> <span class='ocrx_word' id='word_1_296' title='bbox 951 4037 991 4101; x_wconf 90' lang='lat' dir='ltr'>de</span> <span class='ocrx_word' id='word_1_297' title='bbox 1014 4058 1099 4101; x_wconf 91' lang='lat' dir='ltr'>anno</span> <span class='ocrx_word' id='word_1_298' title='bbox 1125 4041 1220 4117; x_wconf 84' lang='lat'>1544,</span> <span class='ocrx_word' id='word_1_299' title='bbox 1249 4036 1290 4100; x_wconf 93' lang='lat' dir='ltr'>ad</span> <span class='ocrx_word' id='word_1_300' title='bbox 1314 4055 1484 4100; x_wconf 89' lang='lat' dir='ltr'>occurren-</span> 
     </span>
    </p>
   </div>
   <div class='ocr_carea' id='block_1_3' title="bbox 301 4123 1485 4656">
    <p class='ocr_par' dir='ltr' id='par_1_8' title="bbox 301 4123 1485 4656">
     <span class='ocr_line' id='line_1_41' title="bbox 302 4123 1485 4209; baseline 0.001 -23"><span class='ocrx_word' id='word_1_301' title='bbox 302 4123 380 4187; x_wconf 93' lang='lat' dir='ltr'>dum</span> <span class='ocrx_word' id='word_1_302' title='bbox 397 4124 574 4189; x_wconf 90' lang='lat' dir='ltr'>diuturnae</span> <span class='ocrx_word' id='word_1_303' title='bbox 596 4126 768 4204; x_wconf 89' lang='lat' dir='ltr'>vacationi,</span> <span class='ocrx_word' id='word_1_304' title='bbox 794 4132 993 4208; x_wconf 91' lang='lat' dir='ltr'>proponente</span> <span class='ocrx_word' id='word_1_305' title='bbox 1007 4127 1172 4190; x_wconf 89' lang='lat' dir='ltr'>cardinale</span> <span class='ocrx_word' id='word_1_306' title='bbox 1188 4131 1372 4209; x_wconf 91' lang='lat' dir='ltr'>protectore</span> <span class='ocrx_word' id='word_1_307' title='bbox 1389 4124 1485 4188; x_wconf 92' lang='lat' dir='ltr'>Hun-</span> 
     </span>
     <span class='ocr_line' id='line_1_42' title="bbox 302 4213 1485 4299; baseline 0.002 -24"><span class='ocrx_word' id='word_1_308' title='bbox 302 4214 420 4294; x_wconf 86' lang='lat' dir='ltr'>gariae,</span> <span class='ocrx_word' id='word_1_309' title='bbox 445 4213 510 4276; x_wconf 81' lang='lat' dir='ltr'>fuit</span> <span class='ocrx_word' id='word_1_310' title='bbox 533 4216 710 4296; x_wconf 90' lang='lat' dir='ltr'>deputatus</span> <span class='ocrx_word' id='word_1_311' title='bbox 726 4214 951 4298; x_wconf 84' lang='lat' dir='ltr'>suffraganeus</span> <span class='ocrx_word' id='word_1_312' title='bbox 968 4237 1025 4298; x_wconf 90' lang='lat' dir='ltr'>per</span> <span class='ocrx_word' id='word_1_313' title='bbox 1042 4218 1149 4281; x_wconf 90' lang='lat' dir='ltr'>sedem</span> <span class='ocrx_word' id='word_1_314' title='bbox 1173 4215 1391 4299; x_wconf 86' lang='lat' dir='ltr'>apostolicam,</span> <span class='ocrx_word' id='word_1_315' title='bbox 1410 4235 1485 4278; x_wconf 90' lang='lat' dir='ltr'>cum</span> 
     </span>
     <span class='ocr_line' id='line_1_43' title="bbox 301 4303 1484 4389; baseline 0.002 -23"><span class='ocrx_word' id='word_1_316' title='bbox 301 4303 521 4385; x_wconf 84' lang='lat' dir='ltr'>assignatione</span> <span class='ocrx_word' id='word_1_317' title='bbox 553 4325 716 4387; x_wconf 84' lang='lat' dir='ltr'>congruae</span> <span class='ocrx_word' id='word_1_318' title='bbox 748 4327 845 4386; x_wconf 90' lang='lat' dir='ltr'>super</span> <span class='ocrx_word' id='word_1_319' title='bbox 873 4327 986 4388; x_wconf 29' lang='lat' dir='ltr'>,mensa</span> <span class='ocrx_word' id='word_1_320' title='bbox 1024 4306 1197 4389; x_wconf 89' lang='lat' dir='ltr'>episcopali</span> <span class='ocrx_word' id='word_1_321' title='bbox 1229 4304 1338 4369; x_wconf 89' lang='lat' dir='ltr'>Albae</span> <span class='ocrx_word' id='word_1_322' title='bbox 1371 4304 1484 4368; x_wconf 86' lang='lat' dir='ltr'>Juliae</span> 
     </span>
     <span class='ocr_line' id='line_1_44' title="bbox 303 4392 1484 4476; baseline 0 -21"><span class='ocrx_word' id='word_1_323' title='bbox 303 4392 611 4476; x_wconf 83' lang='lat' dir='ltr'>Transilvaniensis;</span> <span class='ocrx_word' id='word_1_324' title='bbox 636 4402 669 4458; x_wconf 93' lang='lat' dir='ltr'>et</span> <span class='ocrx_word' id='word_1_325' title='bbox 693 4395 779 4476; x_wconf 90' lang='lat' dir='ltr'>quod</span> <span class='ocrx_word' id='word_1_326' title='bbox 803 4396 836 4458; x_wconf 90' lang='lat' dir='ltr'>in</span> <span class='ocrx_word' id='word_1_327' title='bbox 860 4395 1042 4476; x_wconf 91' lang='lat' dir='ltr'>provisione</span> <span class='ocrx_word' id='word_1_328' title='bbox 1065 4396 1154 4460; x_wconf 86' lang='lat' dir='ltr'>facta</span> <span class='ocrx_word' id='word_1_329' title='bbox 1170 4396 1213 4459; x_wconf 92' lang='lat' dir='ltr'>ad</span> <span class='ocrx_word' id='word_1_330' title='bbox 1229 4394 1484 4458; x_wconf 87' lang='lat' dir='ltr'>nominationem</span> 
     </span>
     <span class='ocr_line' id='line_1_45' title="bbox 301 4483 1483 4568; baseline -0.001 -22"><span class='ocrx_word' id='word_1_331' title='bbox 301 4483 461 4562; x_wconf 89' lang='lat' dir='ltr'>Battorei,</span> <span class='ocrx_word' id='word_1_332' title='bbox 484 4483 606 4547; x_wconf 88' lang='lat' dir='ltr'>dieitur</span> <span class='ocrx_word' id='word_1_333' title='bbox 630 4485 795 4548; x_wconf 89' lang='lat' dir='ltr'>ecclesiam</span> <span class='ocrx_word' id='word_1_334' title='bbox 823 4485 922 4548; x_wconf 88' lang='lat' dir='ltr'>fuisse</span> <span class='ocrx_word' id='word_1_335' title='bbox 941 4492 1110 4549; x_wconf 89' lang='lat' dir='ltr'>vacantem</span> <span class='ocrx_word' id='word_1_336' title='bbox 1127 4483 1368 4568; x_wconf 83' lang='lat' dir='ltr'>quinquaginta</span> <span class='ocrx_word' id='word_1_337' title='bbox 1384 4504 1483 4548; x_wconf 89' lang='lat' dir='ltr'>anno-</span> 
     </span>
     <span class='ocr_line' id='line_1_46' title="bbox 302 4571 1483 4656; baseline 0.002 -22"><span class='ocrx_word' id='word_1_338' title='bbox 302 4594 374 4635; x_wconf 92' lang='lat' dir='ltr'>rum</span> <span class='ocrx_word' id='word_1_339' title='bbox 398 4573 511 4656; x_wconf 91' lang='lat' dir='ltr'>spatio.</span> <span class='ocrx_word' id='word_1_340' title='bbox 544 4574 591 4636; x_wconf 81' lang='lat' dir='ltr'>Et</span> <span class='ocrx_word' id='word_1_341' title='bbox 614 4573 686 4637; x_wconf 91' lang='lat' dir='ltr'>ideo</span> <span class='ocrx_word' id='word_1_342' title='bbox 709 4571 839 4637; x_wconf 87' lang='lat' dir='ltr'>facilius</span> <span class='ocrx_word' id='word_1_343' title='bbox 863 4573 1014 4638; x_wconf 79' lang='lat' dir='ltr'>facienda</span> <span class='ocrx_word' id='word_1_344' title='bbox 1039 4581 1087 4639; x_wconf 91' lang='lat' dir='ltr'>est</span> <span class='ocrx_word' id='word_1_345' title='bbox 1110 4574 1248 4656; x_wconf 91' lang='lat' dir='ltr'>provisio</span> <span class='ocrx_word' id='word_1_346' title='bbox 1272 4572 1314 4636; x_wconf 89' lang='lat' dir='ltr'>ad</span> <span class='ocrx_word' id='word_1_347' title='bbox 1338 4573 1483 4636; x_wconf 89' lang='lat' dir='ltr'>nomina-</span> 
     </span>
    </p>
   </div>
   <div class='ocr_carea' id='block_1_4' title="bbox 0 0 1734 5492">
    <p class='ocr_par' dir='ltr' id='par_1_9' title="bbox 0 0 1734 5492">
     <span class='ocr_line' id='line_1_47' title="bbox 0 0 1734 5492; baseline 0 3"><span class='ocrx_word' id='word_1_348' title='bbox 0 0 1734 5492; x_wconf 95' lang='lat' dir='ltr'> </span> 
     </span>
    </p>
   </div>
  </div>
 </body>
</html>
