3454 5492
440 465 458 504 1
482 465 602 504 naevia
626 459 686 504 nra.
711 465 840 503 unorum
864 463 915 503 roo
940 451 1167 504 roarivsmusz.
1337 443 1398 504 123

218 640 350 704 essendo
374 641 578 724 particolare,
603 641 661 704 che
685 640 781 705 credo
804 661 879 703 sara
902 641 921 702 1
945 659 1004 703 sua
1027 638 1233 704 beatitudine
1249 641 1283 704 di
1299 642 1400 706 molta

218 731 435 795 consolatione
459 753 492 795 se
516 752 590 795 sara
613 729 784 795 effettuato
809 750 897 794 come
920 750 1022 812 spero.
1046 729 1091 792 Di
1114 729 1229 795 Pilzna
1254 731 1278 794 li
1306 737 1345 796 19
1366 732 1399 796 (11

218 819 399 885 Decembre
425 825 519 884 1584.

247 981 250 986 '
324 980 358 1040 (Α
378 976 506 1030 vetikani
525 976 708 1030 leveltarban.
737 977 865 1030 Nuntiat.
887 979 977 1029 Germ.
1001 977 1059 1030 Vol.
1083 975 1219 1041 roe.,f01.
1240 982 1400 1043 502-505.)

754 1267 867 1334 XCII.

611 1435 705 1494 1586.
729 1432 932 1514 sneptember
959 1435 1008 1496 30.

217 1557 364 1655 Torede'lc
388 1591 512 1656 Kutuei
535 1593 643 1656 thaos
671 1592 857 1677 eeaterpomi
885 1594 1090 1674 preparant
1114 1595 1258 1658 Eruesat
1291 1593 1399 1674 sciher-

217 1680 942 1857 1191111111ειὸιθιῄεδειόεῇὅέἓίῖἔεεῖιι·
966 1683 1122 1767 ltelpuo'kt'
1148 1683 1297 1750 lrivotolu
1330 1687 1398 1747 trir-

323 1936 461 2001 Noverit
500 1943 607 2002 vestra
648 1939 815 2019 serenitas,
848 1939 934 2022 quod
965 1944 1039 2022 post
1071 1938 1236 2004 decessum
1269 1959 1308 2002 ex
1340 1937 1401 2002 hac

216 2028 284 2090 vita
318 2028 487 2092 reverendi
520 2029 685 2110 quondam
719 2027 843 2093 domini
876 2029 1006 2094 Nicolai
1040 2027 1220 2112 Telegdini
1261 2029 1400 2111 episcopi

218 2115 581 2200 Quinqueecolesiensis
605 2141 664 2182 sua
689 2118 841 2184 maeistas
865 2139 1024 2200 caesarea,
1039 2120 1082 2183 ad
1099 2117 1305 2202 quorundam
1328 2141 1401 2182 suo-

216 2229 289 2271 rum
327 2207 473 2272 fidelium
506 2209 700 2273 instantiam
733 2213 766 2274 et
798 2209 1118 2290 commendationem,
1144 2229 1194 2272 me
1227 2209 1262 2272 111
1294 2208 1400 2272 officio

217 2297 394 2364 vicariatus
427 2299 578 2364 ecelesiae
612 2298 854 2382 Strigoniensis‚
886 2321 944 2382 per
978 2321 1072 2366 suum
1105 2298 1242 2382 speciale
1275 2299 1317 2362 ad
1350 2319 1400 2364 me

217 2388 326 2471 Praga
351 2389 464 2454 datum
489 2389 690 2470 mandatum,
715 2389 954 2454 confirmaverit
978 2396 1011 2454 et
1034 2395 1230 2472 potestatem
1246 2389 1401 2452 omnimo·

216 2478 292 2542 dam
323 2481 399 2562 jura
430 2479 589 2544 reddendi
622 2480 823 2544 concesserit.
850 2478 1038 2560 Oonsensui,
1062 2479 1234 2560 voluntati,
1258 2479 1323 2544 imo
1347 2500 1400 2542 ex·

215 2590 325 2652 presso
350 2570 505 2634 mandato
529 2591 606 2635 suae
629 2571 811 2653 majestatis
834 2571 942 2636 volens
967 2591 1088 2636 morem
1112 2590 1232 2653 gerere,
1255 2570 1321 2652 jam
1346 2569 1400 2634 de·

216 2660 408 2725 mandatum
440 2659 520 2724 mihi
552 2682 632 2743 opus
662 2682 840 2744 prosequor
865 2711 871 2726 .
895 2711 902 2726 .
927 2710 965 2726 ..
998 2660 1164 2744 Dignatur
1197 2659 1284 2744 apud
1308 2680 1399 2725 suam

216 2771 399 2814 caesaream
423 2751 627 2816 maiestatem
661 2749 798 2832 efficere,
830 2759 867 2816 ut
892 2751 932 2816 ad
958 2751 1132 2816 tutandam
1164 2749 1400 2814 authoritatem

215 2841 280 2904 mei
302 2841 366 2904 imo
380 2848 524 2904 vestrum
548 2841 757 2906 maiestatum
781 2841 966 2924 tribunalia,
987 2864 1046 2906 sua
1062 2843 1216 2905 maiestas
1233 2841 1272 2905 de
1288 2840 1399 2923 aliquo

217 2931 332 2995 idoneo
356 2951 529 2995 causarum
553 2931 704 2995 auditore
726 2931 896 3014 provideat
913 2982 920 2996 .
937 2982 944 2996 .
961 2982 968 2996 .
985 2982 991 2996 .

324 3091 476 3156 (Eredetije
497 3108 527 3143 az
546 3092 672 3159 orszagos
691 3093 809 3145 leve'ltar
829 3090 963 3144 kinostari
986 3092 1185 3158 osztalyaban.)

744 3380 877 3444 xum.

626 3549 720 3608 1587.
744 3549 921 3625 augusztus
947 3548 996 3606 18.

217 3705 247 3769 A
280 3705 426 3769 aasentias
454 3705 609 3787 jelcrttc'se
642 3705 788 3770 Rouadbu
821 3727 842 3769 o
874 3704 1141 3788 mapparorsaoqi
1176 3705 1400 3788 pttspdlcsepet

216 3795 393 3860 detdltese're
431 3797 610 3860 ooaotlroao‘
642 3795 920 3860 ctdtesar‘tletclcrdl
958 3798 991 3857 e's
1028 3813 1112 3859 oron
1150 3794 1399 3879 ippeteacteiro't

215 3885 299 3969 impp
323 3906 343 3950 u
363 3887 535 3967 prtspotdlr
560 3886 637 3950 ceule
661 3907 681 3949 a
701 3886 807 3967 popei
830 3887 1032 3969 mcporo'sc‘te'e
1064 3888 1149 3949 utria
1184 3883 1308 3967 aopjur
1332 3906 1400 3969 uteo

571 3996 592 4040 u
616 3975 741 4059 atrotpt
764 3975 1046 4057 odomdupleoetot.
1353 3985 1355 3990 '

314 4137 523 4201 Finalniente
539 4138 571 4199 la
588 4141 711 4201 maesta
728 4137 789 4201 del'
800 4139 997 4218 imperatore
1013 4137 1055 4200 ha
1065 4137 1142 4200 dato
1158 4138 1318 4220 principio
1333 4138 1399 4202 111

216 4227 438 4291 nominatione
462 4227 502 4289 de
525 4227 555 4290 le
579 4226 685 4290 chiese
708 4228 741 4291 in
768 4225 916 4308 Ungaria
941 4247 1000 4290 con
1025 4228 1193 4291 nominare
1220 4227 1244 4290 il
1269 4247 1399 4292 vescovo

217 4316 446 4400 Zagrabienee,
480 4315 659 4380 cancellare
684 4317 735 4380 del
759 4337 867 4399 regno,
892 4319 910 4380 a
939 4318 1047 4398 quella
1080 4317 1114 4380 di
1146 4314 1358 4400 Giavarin03·
1377 4320 1399 4382 il

217 4407 446 4490 Vesprimense
479 4406 663 4470 dichiarato
696 4428 753 4471 suo
786 4407 1016 4489 luogotenente
1039 4410 1059 4470 a
1083 4407 1191 4489 quella
1224 4407 1259 4470 di
1286 4407 1399 4472 Nitria

216 4519 275 4560 eon
308 4497 340 4560 11
373 4498 556 4560 retentione
589 4496 629 4560 de
653 4497 672 4559 l’
705 4497 840 4562 abbatia
865 4497 897 4560 di
922 4494 953 4560 S.
979 4496 1126 4560 Martino
1159 4496 1334 4580 posseduta
1357 4499 1399 4562 da

216 4587 263 4652 lui
288 4587 402 4672 prima,
427 4593 459 4651 et
483 4587 507 4652 11
530 4585 690 4654 Vaciensc
714 4591 734 4651 1
758 4587 866 4673 quella
895 4587 927 4652 di
952 4585 1130 4670 Varadino,
1163 4607 1221 4651 eon
1248 4588 1279 4651 la
1303 4589 1399 4672 quale
