3472 5494
301 359 365 417 200
796 364 984 417 0000000010

300 571 411 634 gressu
444 550 484 614 de
517 549 622 613 ruinis
653 550 824 614 haeresum
856 549 912 615 lib.
936 553 966 614 4.
989 569 1058 632 000.
1084 553 1112 613 7.
1135 545 1162 632 ξ.
1187 553 1216 613 4.
1240 547 1298 632 qui
1323 549 1362 613 ob
1389 571 1481 632 prae-

299 641 460 704 valentem
485 639 652 719 haeresim,
684 660 723 704 00
748 637 920 703 Tuccioam
953 644 1158 722 potestatem,
1192 637 1256 703 fuit
1288 646 1419 703 coactus
1443 661 1482 703 ex

299 729 537 812 Transylvania
569 727 743 810 discedere,
775 750 813 792 ac
845 729 887 793 ad
920 727 1170 793 Ferdinandum
1202 729 1343 810 primum
1372 749 1481 811 regem

298 819 490 902 confugere3
523 818 660 900 ideoque
683 841 703 883 a
727 818 815 883 dioto
848 839 933 883 anno
966 818 1135 902 usquead
1162 823 1255 882 1600.
1279 817 1407 882 0000011
1431 839 1481 882 00-

298 904 410 990 010010)
443 930 529 974 0000
564 913 658 972 1600.
691 907 784 990 00011
816 907 1022 971 Demetrium
1054 908 1247 991 Napragum
1275 909 1330 972 lih.
1365 913 1394 972 3.
1426 908 1480 971 fol.

299 1003 373 1062 465.
398 1004 431 1063 et
455 998 508 1062 fol.
533 1002 608 1062 476.
633 997 698 1064 Sed
722 995 884 1081 quidquid
908 997 1021 1061 dicant
1043 997 1200 1077 historici,
1219 1005 1346 1062 certum
1369 1005 1419 1062 001
1442 1019 1481 1061 ex

298 1089 380 1152 actis
413 1087 690 1152 consistorlalibus
721 1087 821 1151 fuisse
855 1093 1058 1170 acceptatam
1092 1087 1346 1151 nominationem
1379 1085 1480 1169 Sigis-

297 1178 412 1242 mundi
444 1177 601 1241 Bathorei
634 1176 790 1260 principis
823 1176 1095 1258 Transylvaniae:
1135 1197 1208 1240 cum
1247 1182 1358 1241 autem
1390 1178 1479 1241 sedes

298 1267 476 1350 apostolica
499 1267 723 1354 recognoverit
747 1273 827 1331 tunc
850 1265 1006 1349 temporis
1030 1267 1089 1330 hoo
1105 1267 1156 1330 ius
1171 1267 1205 1330 in
1222 1265 1310 1330 dicto
1325 1267 1479 1349 principe,

298 1358 354 1440 qui
388 1357 428 1422 ab
461 1357 658 1440 imperatore
692 1355 742 1419 uti
773 1376 849 1438 rege
882 1361 953 1420 erat
976 1356 1023 1419 ibi
1048 1356 1256 1435 constitutus,
1286 1377 1351 1420 non
1373 1363 1480 1440 potest

297 1446 379 1511 illud
403 1447 564 1528 denegare
587 1467 665 1510 suae
688 1445 862 1524 maiestati,
895 1445 951 1527 qui
974 1445 1100 1510 adhoc
1123 1445 1324 1528 provinciam
1353 1445 1437 1510 hanc
1460 1467 1479 1508 a

298 1535 448 1601 manibus
472 1535 653 1600 infidelium
677 1535 890 1618 recuperavit

405 1625 484 1690 Alia
508 1625 686 1690 difficultas
709 1624 818 1688 forsan
843 1624 921 1689 oriri
944 1632 1052 1707 posset
1076 1646 1115 1688 ex
1143 1625 1219 1688 dote
1244 1624 1321 1688 huic
1344 1645 1479 1706 sponsae

296 1715 501 1798 competenti.
526 1714 622 1780 Oirca
637 1714 698 1778 hoc
714 1714 852 1778 dubium
871 1714 1050 1797 dignentur
1069 1715 1264 1778 eminentiae
1280 1721 1407 1778 vostrae
1422 1714 1480 1777 ad-

296 1811 430 1884 uertere,
449 1827 514 1869 non
531 1827 598 1869 esse
614 1805 707 1868 modo
724 1805 906 1868 discursum
924 1804 963 1868 de
980 1804 1168 1887 episcopatu
1184 1803 1310 1867 0001100
1325 1803 1480 1886 erigendo

299 1895 352 1957 cui
368 1894 597 1977 proculdubio
613 1893 704 1976 prius
721 1894 777 1957 dos
794 1894 991 1976 assignanda
1007 1901 1098 1974 esset,
1108 1894 1165 1957 sed
1181 1913 1285 1958 sermo
1298 1899 1347 1957 est
1361 1893 1400 1956 de
1414 1894 1479 1974 epi-

298 1991 434 2066 scopatu
457 1983 522 2048 iam
546 1990 662 2062 erecto,
687 2005 724 2047 00
748 1983 894 2064 fundat0,
927 2004 999 2047 cum
1026 1984 1102 2048 dote
1124 1983 1218 2047 valde
1241 1982 1479 2062 considerabili,

299 2074 386 2156 quod
411 2081 547 2156 0000001
572 2095 610 2136 ex
633 2073 726 2137 libris
751 2093 905 2154 camerae,
929 2074 963 2136 in
988 2074 1107 2156 quibus
1123 2073 1250 2136 fructus
1269 2071 1479 2155 reperiuntur

297 2163 403 2227 taxati
428 2163 469 2228 ad
492 2163 630 2228 florenos
657 2167 742 2226 1500
766 2183 805 2226 ex
829 2185 894 2245 qua
918 2169 996 2226 taxa
1029 2161 1231 2244 dignoscitur
1265 2162 1413 2226 redditus
1442 2183 1478 2226 ac

295 2253 404 2317 dotem
443 2274 508 2316 non
547 2252 646 2316 luisse
686 2252 795 2335 exigui
834 2254 998 2316 momenti.
1036 2251 1145 2316 Adest
1177 2252 1281 2336 igitur
1314 2252 1370 2315 dos
1402 2253 1479 2315 huic

295 2363 429 2424 sponsae
462 2342 638 2425 assignata,
671 2342 726 2406 sed
750 2363 807 2425 per
830 2343 969 2406 iniurias
995 2349 1185 2425 temporum,
1218 2364 1275 2425 per
1299 2342 1393 2420 bella,
1421 2364 1478 2424 per

296 2431 468 2496 Turcicam
502 2431 743 2510 subiectionem,
776 2431 852 2495 hinc
883 2432 960 2496 inde
992 2433 1177 2496 abstracta:
1212 2433 1309 2496 detur
1333 2432 1408 2495 huic
1433 2433 1478 2494 01-

296 2522 416 2585 duatae
439 2523 592 2586 ecclesiae
624 2543 767 2604 sponsus,
800 2522 864 2585 erit
897 2542 977 2585 onus
1009 2521 1110 2604 ipsius
1134 2528 1303 2604 tamquam
1326 2521 1478 2586 habentis

295 2612 346 2674 ius
379 2612 412 2675 in
446 2617 479 2674 et
511 2611 553 2674 ad
586 2632 663 2690 rem,
691 2618 838 2692 repetere
862 2611 933 2674 iure
956 2609 1148 2694 postliminii
1173 2612 1214 2675 ab
1241 2611 1477 2693 occupantibus

295 2703 381 2764 hona
413 2721 491 2764 suae
523 2721 659 2782 sponsae
691 2701 917 2782 competentia,
950 2700 1000 2764 uti
1032 2701 1157 2765 dictum
1190 2707 1238 2764 001
1269 2701 1418 2783 00000100
1450 2697 1477 2783 ξ.

296 2811 360 2871 quo
384 2811 458 2854 00οο
483 2790 524 2854 ad
548 2790 734 2872 temporale,
758 2797 888 2854 etcum
912 2791 1078 2855 assistenti
1101 2812 1121 2854 a
1144 2791 1225 2855 iuris
1257 2789 1320 2854 sibi
1353 2811 1477 2872 compe-

296 2878 405 2958 tentis,
429 2900 466 2944 00
489 2879 610 2944 1000010
633 2879 780 2959 00000010,
804 2880 838 2942 10
854 2880 905 2944 010
921 2881 1069 2945 materiis
1091 2879 1185 2944 valde
1209 2880 1313 2959 zelosi,
1337 2901 1375 2943 00
1398 2881 1478 2943 (1011-

296 2969 372 3049 cati,
395 2970 611 3052 recuperabit,
636 2969 749 3034 sinon
774 2971 890 3049 omnia,
923 2970 1038 3035 saltem
1063 2969 1218 3034 maiorem
1240 2976 1369 3052 partem
1392 2969 1477 3034 dotis

295 3080 373 3122 suae
406 3081 539 3141 sponsae
563 3061 604 3124 ab
629 3059 789 3141 ipsamet
814 3079 943 3123 camera
967 3059 1066 3142 regia,
1098 3060 1148 3123 vel
1181 3060 1296 3124 saltem
1329 3080 1477 3142 compen-

295 3149 462 3228 sationem,
486 3149 606 3212 sedatis
629 3148 856 3231 praesentibus
880 3150 1032 3229 motibus,
1065 3171 1102 3213 00
1126 3149 1211 3214 00110
1234 3149 1268 3212 10
1292 3148 1476 3230 Hungaria.

295 3235 390 3320 Quod
415 3238 442 3302 si
466 3259 634 3321 nunquam
658 3237 792 3302 dabitur
816 3260 959 3321 sponsus,
990 3239 1115 3322 pupilla
1138 3239 1218 3302 haec
1242 3237 1403 3318 ecclesiae,
1427 3239 1477 3302 vel

271 3347 273 3350 ·
296 3327 439 3407 viduata,
472 3349 650 3409 numquam
674 3327 817 3407 habebit,
852 3349 916 3411 quo
940 3330 1008 3392 eius
1032 3329 1105 3392 iura
1128 3328 1357 3408 defendantur,
1386 3334 1419 3391 et
1442 3330 1476 3391 in

294 3416 469 3498 pristinum
493 3421 615 3480 statum
638 3424 849 3500 reponantur.

401 3507 542 3571 Interim
567 3528 641 3570 0000
664 3528 704 3570 00
728 3507 895 3590 001000000
924 3505 1111 3572 nominatus
1143 3513 1319 3586 remaneat,
1352 3507 1475 3589 absque

295 3596 523 3678 assignatione,
556 3602 593 3660 ut
626 3602 846 3679 competenter
877 3596 984 3660 vivere
1023 3598 1132 3680 possit,
1172 3619 1212 3661 ex
1249 3597 1476 3680 praepositura

295 3684 484 3766 Oibiniensi,
517 3707 554 3749 ac
584 3685 656 3750 aliis
688 3686 963 3768 assignationibus
995 3688 1036 3751 ab
1069 3687 1322 3751 eminentissimo
1346 3686 1476 3750 domino

294 3776 453 3840 cardinali
486 3799 505 3839 a
538 3775 714 3855 Kollonitz,
757 3783 789 3839 et
821 3799 840 3839 a
873 3776 1092 3841 sacratissima
1125 3797 1274 3841 caesarea
1306 3775 1477 3859 maiestate

296 3866 356 3947 ipsi
382 3865 485 3944 iactis,
519 3864 727 3930 abundanter
751 3872 799 3929 est
822 3867 978 3948 provisus,
1011 3872 1049 3929 ut
1072 3887 1111 3930 ex
1134 3865 1291 3932 relatione
1316 3865 1476 3930 auditoris

295 3956 509 4019 nuntiaturae
533 3954 730 4021 Viennensis
762 3955 804 4019 ad
837 3956 1047 4019 secretariam
1080 3960 1186 4020 status
1218 3961 1363 4040 apparet.
1402 3954 1476 4018 Hoc

295 4044 380 4107 idem
404 4045 468 4107 fuit
491 4046 718 4126 practicatum,
743 4051 775 4107 et
794 4045 901 4108 adhuc
924 4047 1127 4127 practicatur
1142 4047 1176 4109 in
1196 4045 1475 4128 archiepiscopatu

294 4131 482 4214 Oollocensi,
521 4135 555 4196 10
588 4135 776 4217 0010000010
809 4132 975 4216 Agriensi,
1007 4134 1214 4214 Varadiensi,
1261 4135 1475 4214 Thininiensi,

295 4220 642 4304 Quinqueecclesiensi,
670 4223 824 4291 Vaciensi
855 4230 888 4288 et
919 4224 1139 4304 Osanadiensi,
1172 4226 1229 4309 qui
1260 4225 1338 4290 licet
1370 4225 1474 4290 nullos

294 4311 471 4376 habuerint
503 4313 661 4393 redditus,
684 4314 734 4377 vel
760 4314 973 4394 tenuissimos,
997 4315 1075 4380 dum
1099 4315 1159 4380 sub
1185 4315 1293 4379 Turca
1317 4314 1475 4379 dioeceses

295 4424 465 4485 oppressae
488 4410 591 4481 erant,
615 4403 824 4467 nihilominus
847 4405 938 4469 sedes
961 4405 1136 4487 apostolica
1165 4406 1328 4488 episcopos
1350 4404 1396 4468 010
1419 4426 1475 4467 no-

294 4493 433 4557 minatos
450 4490 674 4573 confirmabat,
692 4498 724 4557 01
740 4491 919 4575 confirmat,
943 4494 1145 4558 concedendo
1162 4495 1474 4577 archiepiscopatum
