3458 5492
310 435 373 494 212
607 454 610 460 ·
806 439 994 494 ornnvrturla
1021 491 1024 498 ,

308 632 381 712 J'ure
404 633 559 730 patrtona
561 648 598 692 us
622 626 656 690 in
685 627 914 708 suprascripte.
887 625 1075 728 eQuibus
1099 626 1198 690 etiam
1222 625 1309 706 locis,
1343 646 1383 688 ex
1405 626 1491 707 peri-

309 720 390 783 culis
413 718 598 782 animarum
621 720 750 798 pastore
774 716 964 796 carentium,
988 737 1026 780 ra
1028 716 1131 780 tiones
1154 715 1251 796 huJ'us
1274 735 1322 779 ιιι
1314 715 1493 778 adferun-

311 817 374 888 utr,
398 828 478 890 quas
502 805 599 889 paulo
620 810 736 887 posta
738 805 925 886 ttingemus.
974 819 976 824 '

418 895 554 962 Oertum
579 900 627 959 est
613 894 756 958 tillud
745 916 817 977 Jure
841 895 1030 977 municipali
1055 895 1249 977 Hungariae
1274 894 1399 958 nullum
1425 895 1493 974 ejus

312 987 431 1052 modi
421 1008 473 1068 Jus
497 1005 565 1049 esse
589 985 799 1064 attributum,
826 991 863 1048 ut
888 985 1052 1049 constabit
1075 987 1171 1067 leges¹
1186 984 1397 1067 Hungaricas
1420 1005 1494 1066 per-

311 1076 465 1141 currenti.
488 1073 577 1138 Nam
601 1074 760 1156 imprimis
784 1080 897 1156 aperte
921 1069 1105 1158 habe[mus]
1126 1076 1159 1138 in
1193 1073 1337 1157 Tripart.
1365 1079 1417 1136 13θ
1442 1075 1493 1137 ιιι.

315 1171 363 1230 ll.
380 1187 444 1229 non
461 1185 551 1248 posse
569 1184 678 1246 regem
694 1163 838 1228 alienare
854 1164 905 1228 vel
932 1171 1136 1246 sequestrare
1160 1165 1245 1228 bona
1269 1170 1302 1228 et
1325 1164 1400 1247 J'ura
1423 1188 1495 1248 pos·

311 1254 504 1320 sessionaria
537 1253 754 1332 ecclesiarum,
788 1254 843 1318 sed
877 1274 915 1317 ea
948 1255 1093 1336 personis
1121 1254 1245 1318 idoneis
1268 1253 1416 1320 conferre
1440 1257 1494 1320 de·

312 1348 396 1410 bere.
430 1343 558 1408 Deinde
590 1365 664 1407 cum
696 1340 877 1408 Albertum
906 1341 1121 1408 Austriacum
1144 1345 1179 1408 in
1203 1365 1313 1426 regern
1337 1343 1495 1428 eligerent

313 1433 662 1516 Hungari,1stipulari
695 1432 810 1496 debuit
843 1432 939 1500 Deer.
979 1435 1055 1498 anni
1092 1438 1177 1498 1439
1217 1441 1278 1498 ιιι.
1318 1438 1368 1496 21.
1409 1435 1495 1517 quod

312 1524 531 1590 ecclesiastica
563 1519 720 1586 beneficia
752 1527 910 1586 vacatura
942 1543 1007 1586 non
1041 1523 1147 1596 faciet,
1182 1545 1287 1606 neque
1326 1526 1496 1606 permittet

312 1637 369 1697 per
386 1613 567 1680 saeculares
583 1612 734 1693 occupari
751 1633 911 1694 personas.
939 1612 1098 1679 Similiter
1122 1621 1267 1696 tempore
1291 1613 1496 1678 Ferdinandi

314 1704 520 1787 imperatoris
552 1723 638 1765 anno
674 1705 758 1765 1548
792 1707 854 1764 art.
890 1707 930 1766 10
963 1702 1012 1766 ita
1040 1703 1244 1780 decernitur;
1277 1704 1385 1767 omnia
1410 1704 1496 1767 bona

316 1794 542 1871 ecclesiastica,
567 1811 760 1873 quocunque
785 1792 913 1855 nornine
937 1799 1102 1870 vocentur,
1119 1814 1203 1874 quae
1226 1814 1285 1876 per
1308 1792 1407 1858 laicos
1426 1815 1497 1876 pos-

315 1884 422 1947 sident
408 1889 472 1962 tur,
506 1901 655 1962 quaeque
688 1881 867 1962 amajesta
869 1888 901 1945 te
934 1902 993 1945 sua
1025 1882 1067 1946 ad
1100 1881 1284 1965 beneplacit
1286 1904 1340 1946 um
1373 1883 1422 1945 vel
1455 1882 1496 1945 ad

314 1983 442 2055 tempus
465 1971 682 2054 praeteritum
705 1971 863 2052 inscripta
844 1978 1027 2051 a‚stsunt
1029 1973 1110 2035 ιιιιιι
1051 1973 1336 2036 teliberentur.
1361 1971 1396 2037 Si
1413 1994 1497 2054 quae

315 2070 424 2126 autem
458 2059 616 2126 beneficia
648 2067 810 2139 vacarent,
844 2081 883 2124 ea
915 2063 1031 2142 majest
1033 2083 1068 2125 ιι
1093 2063 1183 2144 regia
1205 2063 1350 2144 personis
1374 2062 1497 2126 idoneis

316 2153 472 2215 conferat.
505 2149 662 2232 Ejusdem
696 2150 774 2214 anni
806 2157 868 2214 art.
903 2155 930 2213 6.
964 2151 1012 2214 ita
1044 2151 1158 2232 religio
1190 2152 1375 2216 conservari
1407 2173 1498 2234 posse

320 2242 450 2320 dicitur,
474 2241 501 2304 si
524 2239 673 2303 omnibus
696 2240 838 2303 ecclesiis
860 2241 1001 2322 praelati
1024 2242 1282 2323 quamprimum
1307 2241 1498 2323 praefician-

322 2339 385 2395 tur.
409 2329 527 2394 Postea
550 2349 625 2393 vero
648 2329 726 2392 anni
744 2333 830 2394 1550
846 2336 907 2394 art.
934 2335 983 2394 18.
1007 2331 1184 2412 repetitum
1201 2339 1266 2409 est3
1291 2337 1328 2394 ut
1344 2333 1498 2413 maiestas

322 2442 381 2484 sua
413 2419 630 2486 ecclesiastica
662 2417 828 2498 beneficia,
861 2426 928 2482 tarn
962 2420 1086 2502 majora
1118 2441 1217 2502 quarn
1245 2422 1381 2499 minora,
1416 2441 1498 2502 quae

322 2516 440 2574 vacant
463 2517 496 2572 ιι
519 2509 693 2610 praecipue
717 2509 938 2590 episcopatum
957 2507 1213 2591 strigoniensem
1236 2531 1335 2592 quam
1358 2511 1499 2593 primum

321 2599 477 2665 conferat.
500 2595 557 2660 Ad
581 2598 692 2660 haec
684 2621 717 2660 ιιι
742 2598 852 2662 decret
838 2605 871 2662 ιο
891 2599 1094 2662 Fordinandi
1121 2603 1206 2662 1560
1231 2600 1319 2664 edito
1285 2600 1405 2664 toista
1429 2601 1498 2682 ipsa

318 2690 415 2754 verba
449 2687 572 2752 habent
558 2692 613 2750 tur
646 2687 700 2751 fol.
735 2693 808 2750 616.
842 2688 981 2752 decreti:
1018 2688 1181 2753 Tenemur
1213 2689 1363 2754 omnibus
1396 2691 1498 2752 modis

317 2800 441 2858 curare,
474 2799 514 2841 ne
547 2777 632 2840 bona
656 2777 873 2842 ecclesiastica
897 2779 995 2842 semel
1019 2778 1146 2844 Decet
1113 2779 1238 2860 eteJ'us
1262 2780 1364 2844 cult
1317 2787 1366 2844 tui
1390 2801 1498 2843 conse-

317 2877 418 2948 crata,
443 2869 476 2930 in
501 2888 578 2930 usus
601 2868 754 2949 profanos
778 2874 1021 2947 convertantur,
1045 2887 1125 2933 neve
1141 2870 1188 2932 ita
1153 2869 1319 2934 tofficia
1343 2890 1380 2932 ac
1404 2871 1499 2932 mini-

318 2959 418 3022 steria
451 2957 562 3020 divina
594 2979 668 3021 cum
702 2957 818 3040 grandi
844 2958 1099 3022 christianarum
1122 2960 1306 3022 animarum
1331 2958 1499 3040 dispendio

317 3048 414 3111 simul
446 3048 610 3112 intereant
633 3053 667 3110 et
690 3047 893 3112 aboleantur.
927 3045 1054 3130 Quibus
1087 3049 1194 3111 verbis
1227 3049 1299 3130 pius
1323 3050 1500 3130 imperator

320 3159 395 3203 non.
416 3137 519 3200 solum
552 3157 616 3200 non
649 3137 797 3218 permisit
829 3137 901 3216 sibi,
934 3144 972 3201 ut
1004 3137 1090 3202 bona
1123 3139 1340 3202 ecclesiastica
1365 3140 1399 3202 in
1423 3159 1500 3202 usus

318 3227 499 3291 saeculares
522 3232 764 3305 convertantur,
789 3227 876 3310 quod
897 3225 988 3292 fieret
1005 3228 1031 3290 si
1048 3228 1089 3290 ad
1106 3226 1220 3292 fiscum
1244 3228 1500 3303 devolverentur,

318 3318 374 3380 sed
399 3317 497 3380 etiam
522 3315 626 3380 teneri
654 3337 687 3379 se
716 3315 889 3397 profitetur
906 3316 946 3380 ad
964 3315 1201 3380 advertendum
1224 3318 1327 3382 modis
1351 3318 1501 3381 omnibus

319 3428 359 3470 ne
383 3406 417 3468 id
449 3404 517 3469 fiat.
550 3405 771 3487 Rationesque
804 3406 901 3487 hujus
929 3407 1137 3488 obligationis
1162 3428 1215 3472 eas
1241 3407 1385 3484 adducit,
1418 3428 1501 3488 quae

320 3496 409 3560 lraud
425 3495 561 3559 obscure
584 3495 708 3576 juvant,
731 3496 805 3577 J'ure
829 3496 938 3559 divino
962 3497 1066 3560 teneri
1090 3517 1181 3578 reges
1205 3497 1247 3560 ad
1271 3497 1354 3560 hanc
1378 3503 1501 3579 pestem

319 3585 537 3649 avertendam.
562 3581 648 3666 Quia
672 3584 776 3648 sciliet
800 3605 874 3648 cum
899 3586 1116 3650 ecclesiastica
1139 3585 1226 3650 bona
1242 3587 1276 3649 in
1293 3608 1369 3650 usus
1393 3587 1501 3667 profa-

222 3749 225 3756 Ι
320 3697 376 3740 ιιοι
402 3681 585 3752 vertuntur,
610 3680 643 3736 et
666 3695 717 3737 res
740 3675 847 3738 aliena
872 3671 956 3756 (Deo
980 3675 1085 3740 sciliet
1109 3683 1141 3739 et
1160 3677 1229 3757 ejus
1248 3677 1353 3740 cultui
1377 3671 1500 3754 dicata)

320 3766 471 3828 aufertur
495 3770 528 3826 et
551 3764 659 3827 cultus
684 3763 813 3828 divinus
837 3765 1044 3834 imminuitur
1068 3771 1101 3829 et
1124 3767 1310 3829 animarum
1333 3766 1420 3830 salus
1448 3785 1501 3846 pe-

322 3855 495 3932 riclitatur,
529 3860 628 3935 atque
661 3854 743 3936 juris
776 3855 937 3918 naturalis
970 3862 1003 3918 et
1028 3855 1130 3918 divini
1156 3861 1213 3933 est,
1247 3876 1310 3918 non
1334 3857 1502 3919 solumne

321 3945 392 4025 quis
416 3945 459 4008 ad
483 3944 562 4006 haec
587 3949 655 4006 tam
680 3944 792 4024 gravia
816 3945 901 4006 mala
930 3951 1128 4026 cooperetur,
1162 3946 1218 4009 sed
1252 3945 1351 4009 etiam
1385 3950 1422 4007 ut
1445 3965 1503 4026 pro

321 4033 479 4098 facultate
512 4033 701 4114 viribusque
735 4035 801 4096 suis
834 4034 913 4096 haec
939 4035 1009 4116 ipsa
1032 4041 1180 4098 avertere
1204 4057 1268 4099 non
1293 4034 1503 4098 intermittat.

324 4124 401 4187 Post
424 4123 550 4186 obitum
574 4122 787 4200 Ferdinandi,
812 4129 956 4206 tempore
975 4124 1197 4188 Maximiliani
1219 4146 1305 4188 anno
1332 4127 1416 4186 1561
1441 4131 1502 4185 art.

324 4217 372 4275 24.
398 4219 431 4276 ιι
455 4234 540 4276 anno
566 4216 661 4275 1569.
684 4220 747 4276 art.
773 4218 823 4276 36.
848 4234 956 4276 severe
975 4214 1129 4286 sancitur,
1154 4219 1191 4276 ut
1207 4213 1364 4278 beneficia
1389 4233 1504 4276 vacan-

323 4303 369 4366 tia
394 4302 510 4365 autin
535 4308 701 4383 posterum
727 4308 882 4366 vacatura
905 4325 963 4368 rex
985 4305 1093 4385 vigore
1121 4304 1202 4385 juris
1234 4308 1429 4386 patronatus
1453 4303 1503 4364 sui

323 4391 513 4456 universalis
546 4391 701 4454 conferat.
734 4390 817 4457 Cum
857 4391 960 4473 igitur
998 4414 1089 4475 reges
1127 4392 1322 4475 Hungariae
1360 4398 1503 4473 tempore

323 4481 584 4563 inaugurationis
616 4482 736 4563 J'urent,
769 4502 802 4546 se
835 4483 1085 4546 consuetudines
1117 4503 1155 4546 ac
1188 4483 1261 4563 J'ura
1295 4481 1503 4546 ecclesiarum

322 4573 459 4654 antiqua
484 4575 574 4634 sarta
598 4576 685 4634 tecta
709 4578 965 4651 conservaturos,
990 4572 1079 4636 nulla
1100 4572 1231 4636 ratione
1247 4576 1391 4654 possunt,
1415 4570 1505 4635 salva
