3458 5490
462 439 477 477 1
503 436 624 478 aleran
653 437 712 478 111.
737 437 866 480 unorum
891 440 943 480 100
967 426 1194 481 1011111111111.
1360 420 1420 483 119

234 608 396 692 Forgacb,
419 631 515 694 quem
539 613 693 695 majestas
716 619 824 678 vestra
843 615 884 678 ad
901 613 1174 698 Vesprimiensem
1197 615 1420 698 episcopatum

234 701 423 781 nominavit,
449 702 609 784 quaedam
634 703 750 783 desint,
783 725 866 787 quae
891 725 930 768 ex
953 712 1100 769 veterum
1134 725 1301 770 sacrorum
1326 726 1420 771 cano-

234 811 313 854 num
344 797 379 855 et
412 790 598 856 Tridentini
630 793 757 858 concilii
788 794 928 858 decretis
960 796 1184 878 requiruntur,
1217 816 1320 880 eaque
1346 816 1421 878 gra·

234 880 372 959 vissima,
396 902 507 945 vereor
531 904 571 946 ne
594 883 751 948 sanctitas
774 905 833 948 sua
857 884 933 948 huic
957 885 1156 968 expeditioni
1176 906 1240 949 nou
1256 887 1305 950 ita
1321 885 1416 950 facile

234 970 294 1033 hoo
318 971 450 1053 quidem
473 977 617 1055 tempore
639 974 848 1054 assentiatur,
872 973 1039 1057 satiusque
1062 982 1166 1058 putet,
1183 997 1257 1040 cum
1281 997 1322 1040 ex
1344 996 1418 1057 pro-

234 1081 324 1124 cessu
347 1067 473 1125 constet
495 1082 619 1126 annum
641 1062 785 1127 XXIII.
802 1086 866 1128 non
889 1064 1050 1144 excedere,
1075 1086 1149 1129 eum
1172 1065 1262 1129 aliud
1287 1072 1416 1147 tempus

234 1157 415 1233 expectare,
439 1150 473 1214 in
497 1173 561 1234 quo
579 1151 656 1216 fidei
674 1153 858 1235 probitatis,
883 1160 982 1237 atque
1002 1155 1170 1219 doctrinae
1186 1177 1263 1219 suae
1279 1155 1420 1219 00111011

234 1241 327 1322 signa
359 1241 466 1304 dando
500 1237 648 1322 (tametsi
680 1242 720 1306 de
752 1243 805 1307 hic
837 1250 870 1308 et
903 1266 990 1308 nunc
1023 1245 1156 1326 quidem
1187 1245 1267 1310 11111
1303 1245 1419 1308 idonea

234 1335 323 1394 extet
355 1326 556 1413 testificatio)
589 1331 735 1396 fructum
767 1335 932 1417 percipere
964 1335 1066 1416 possit
1089 1356 1172 1415 eum,
1202 1356 1298 1418 quem
1322 1335 1417 1398 modo

234 1426 302 1484 tam
334 1421 429 1502 justis
454 1421 493 1485 de
518 1423 624 1486 causis
649 1428 824 1506 aetateque
855 1445 918 1489 non
950 1423 1066 1490 idonea
1090 1423 1222 1489 differre
1245 1425 1417 1490 sanctitati

233 1531 310 1573 suae
334 1510 444 1575 forsan
468 1511 642 1577 videbitur.

340 1598 424 1666 (lum
447 1606 557 1666 autem
580 1603 732 1685 majestas
756 1609 864 1668 101111
881 1626 941 1686 pro
957 1625 1017 1669 sua
1032 1603 1192 1686 singulari
1208 1603 1414 1669 humanitate

233 1695 363 1754 tantum
395 1690 475 1754 mihi
509 1692 645 1773 tribuat,
678 1698 716 1756 ut
739 1692 816 1757 fidei
840 1714 931 1758 meae
955 1694 1112 1776 ejusmodi
1138 1694 1251 1759 tradat
1275 1695 1416 1776 negotia,

232 1779 266 1842 in
290 1780 410 1862 quibus
433 1779 495 1844 Dei
520 1782 630 1863 honor,
653 1784 837 1847 animarum
856 1784 952 1863 salue,
971 1784 1152 1848 auctoritas
1169 1784 1267 1866 hujus
1283 1789 1415 1849 sanctae

232 1869 325 1949 sedis,
348 1891 385 1934 ac
408 1871 541 1953 propria
564 1873 745 1955 majestatis
761 1880 886 1938 vestrae
907 1875 1050 1957 dignitas
1070 1880 1241 1955 tantopere
1257 1881 1416 1954 versatur,

232 1981 309 2024 sane
332 1959 411 2024 mihi
435 1961 528 2026 valde
551 1961 768 2027 laborandum
791 1985 858 2028 esse
887 1964 1043 2046 intelligo,
1077 1970 1114 2027 ut
1146 1963 1254 2027 officio
1287 1985 1358 2028 meo
1383 1971 1416 2028 et

232 2050 353 2132 judicio
376 2050 416 2114 de
439 2072 489 2114 me
513 2073 570 2116 suo
593 2074 652 2134 pro
675 2052 761 2116 virili
793 2060 887 2136 parte
920 2053 1127 2118 satisfaciam.
1161 2049 1272 2134 Quare
1305 2061 1338 2118 et
1375 2054 1418 2117 ad

232 2160 270 2203 ea
302 2140 491 2222 exequenda
529 2163 656 2207 omnem
696 2142 900 2226 diligentiam
938 2165 1063 2225 semper
1104 2143 1275 2223 adhibebo,
1308 2151 1341 2206 et
1377 2143 1417 2207 de

234 2229 352 2311 quibus
376 2231 580 2313 majestatem
602 2237 744 2297 10111111
767 2234 1005 2299 admonendam
1024 2254 1091 2298 esse
1108 2232 1301 2298 existimabo
1319 2253 1415 2296 accu-

232 2326 304 2383 rate
327 2340 365 2385 10
388 2319 537 2401 fideliter,
571 2322 613 2386 ad
646 2343 716 2387 eam
740 2324 948 2406 perscribam,
977 2323 1068 2388 nulla
1094 2323 1159 2386 alia
1183 2343 1218 2386 re
1241 2330 1418 2405 permotus,

233 2431 331 2492 quam
355 2411 422 2476 zelo
442 2410 504 2475 Dei
528 2419 561 2476 et
585 2413 737 2495 precipuo
763 2413 941 2479 devotionis
965 2413 1086 2478 affectu
1109 2433 1187 2495 erga
1212 2413 1418 2496 majestatem

233 2505 382 2580 vestram,
406 2502 459 2564 cui
483 2523 547 2566 non
571 2502 676 2566 solum
699 2523 758 2584 ego
776 2525 935 2568 summam
951 2509 989 2567 ut
1006 2504 1107 2568 debeo
1125 2502 1318 2568 felicitatem
1333 2509 1418 2586 opto,

232 2589 288 2652 sed
313 2583 436 2673 [quem]
463 2597 496 2655 et
521 2593 743 2657 sanctissimus
771 2593 920 2658 dominus
944 2599 1055 2658 101101
1078 2616 1118 2660 ex
1141 2614 1201 2658 sua
1224 2612 1302 2675 erga
1325 2594 1417 2656 illam

231 2686 370 2762 paterna
402 2681 564 2746 charitate
596 2684 688 2749 bonis
721 2684 870 2748 omnibus
909 2683 1118 2764 cumulatam,
1157 2684 1309 2766 omnique
1347 2704 1417 2746 eam

232 2769 329 2833 laude
353 2775 386 2833 01
410 2771 513 2852 gloria
537 2771 799 2838 florentissimam
824 2795 890 2838 esse
914 2775 1013 2857 cupit,
1030 2773 1115 2856 quod
1140 2794 1179 2836 ex
1203 2774 1272 2855 ejus
1297 2773 1415 2837 sancti-

232 2859 310 2922 tatis
343 2861 553 2942 sermonibus,
587 2883 660 2927 cum
693 2863 773 2927 haec
805 2864 875 2946 ipsa
908 2865 1039 2944 negotia
1072 2869 1259 2943 tractarem,
1284 2864 1413 2945 saepius

232 2949 439 3030 deprehendi.
473 2949 643 3033 Quaedam
665 2953 769 3036 igitur
792 2953 958 3036 majestati
981 2959 1108 3017 vestrae
1131 2958 1316 3016 reverenter
1341 2974 1414 3034 pro·

231 3060 357 3121 ponam,
390 3061 472 3122 quae
497 3041 675 3106 necessario
699 3043 922 3125 cognoscenda
945 3049 1031 3122 sunt,
1064 3042 1205 3124 primurn
1240 3041 1371 3124 quidem
1395 3064 1414 3104 a

232 3130 401 3212 majestate
425 3137 533 3194 vestra
556 3132 609 3195 cui
632 3137 723 3197 recta
747 3134 855 3196 omnia
878 3140 956 3197 sunt
980 3133 1173 3215 gratissima,
1198 3136 1231 3195 et
1255 3132 1348 3214 cujus
1372 3132 1413 3195 ad

232 3240 278 3299 ea,
303 3241 385 3301 quae
409 3219 524 3302 dicam,
548 3221 718 3288 efficienda
741 3225 921 3288 auctoritas
945 3222 1134 3304 requiritur,
1159 3221 1276 3286 deinde
1300 3221 1341 3286 ab
1367 3223 1415 3303 iis,

233 3311 289 3390 qui
313 3309 355 3372 ad
379 3311 529 3376 ecclesias
552 3313 756 3378 cathedrales
780 3321 813 3378 et
835 3313 1103 3396 metropolitanas
1126 3311 1167 3376 ab
1193 3332 1231 3375 01
1247 3313 1416 3376 nominan-

232 3405 289 3461 tur
312 3405 345 3462 et
368 3407 630 3483 praesentantur,
663 3410 825 3486 postremo
848 3405 889 3469 ab
921 3404 1000 3487 ipsis
1031 3404 1101 3486 ejus
1124 3401 1335 3482 administris,
1359 3403 1416 3483 qui

233 3487 273 3551 de
295 3492 616 3570 praesentationibus
639 3499 671 3557 et
696 3494 974 3558 nominationibus
990 3493 1171 3576 majestatis
1195 3497 1321 3556 vestrae
1344 3492 1416 3556 lite-

233 3599 286 3641 ras
310 3584 343 3642 et
375 3579 570 3646 documenta
603 3581 796 3664 conficiunt;
829 3585 984 3648 nimirum
1017 3590 1055 3647 ut
1088 3604 1127 3646 ex
1159 3589 1317 3664 perpetua
1348 3583 1417 3663 ejus

234 3667 404 3733 1011111110
428 3692 491 3734 non
516 3671 610 3736 modo
635 3673 721 3755 quod
746 3679 872 3737 rectum
896 3680 929 3738 01
953 3674 1074 3737 bonum
1097 3678 1146 3736 est
1169 3672 1236 3752 fiat,
1254 3672 1308 3736 sed
1336 3673 1416 3735 bene

234 3759 333 3822 etiam
356 3765 390 3822 et
413 3767 503 3825 recte
526 3761 594 3842 111,
617 3762 657 3826 iis
682 3763 792 3842 modis,
820 3763 925 3845 iisque
948 3769 1119 3846 praeterea
1143 3761 1271 3825 dicendi
1295 3761 1417 3841 formis,

232 3848 330 3911 rebus
354 3848 495 3932 denique
519 3852 670 3917 omnibus
693 3854 741 3916 ita
765 3853 945 3917 observatis
969 3859 1002 3916 et
1026 3852 1191 3932 adhibitis,
1225 3857 1263 3914 11
1287 3872 1326 3914 ex
1350 3873 1417 3915 ma-

232 3937 339 4020 jorum
363 3938 534 4022 institutis
559 3962 725 4006 sacrorum
750 3964 910 4007 canonum
933 3943 1134 4025 praescripto
1149 3948 1182 4006 et
1198 3962 1308 4006 rerum
1332 3942 1417 4024 ipsa-

231 4050 305 4090 rum
330 4030 502 4111 gravitate,
527 4031 591 4096 rite
614 4033 723 4098 omnia
746 4038 779 4096 01
802 4032 915 4097 ordine
939 4038 1091 4116 agantur,
1105 4037 1204 4114 atque
1229 4053 1266 4096 ea
1289 4033 1416 4095 ratione

233 4139 297 4181 uno
322 4119 499 4202 eodemque
523 4126 667 4203 tempore
692 4121 754 4186 Dei
779 4123 901 4204 honori,
934 4123 1031 4206 hujus
1064 4129 1196 4187 sanctae
1221 4121 1416 4204 apostolicae

233 4207 317 4271 sedis
341 4208 497 4291 dignitati
521 4217 555 4274 et
581 4211 761 4294 majestatis
795 4220 920 4278 vestrae
953 4213 1020 4296 juri
1052 4219 1151 4295 atque
1183 4212 1417 4276 existimationi

233 4297 397 4363 cumulate
431 4299 588 4380 satisfiat3
621 4301 655 4365 in
688 4301 838 4367 omnibus
864 4325 939 4368 vero
964 4303 1065 4387 ipsius
1099 4302 1279 4366 christiana
1311 4303 1416 4384 pietas

231 4387 330 4451 rebus
365 4389 594 4472 multipliciter
627 4391 796 4456 elucescat.
835 4393 924 4457 Illud
963 4393 1067 4476 igitur
1105 4393 1210 4476 primo
1243 4393 1312 4456 1000
1345 4393 1416 4455 ani-

231 4478 503 4546 madvertendum
528 4487 586 4562 est,
618 4482 825 4564 privilegium
857 4484 1143 4567 jurispatronatus,
1176 4504 1239 4566 quo
1262 4483 1415 4564 majestas

231 4574 339 4633 101111
370 4571 505 4652 potitur,
539 4578 572 4636 et
605 4573 698 4656 cujus
731 4573 765 4636 in
798 4573 864 4637 suis
896 4575 1002 4638 literis
1035 4575 1229 4638 mentionem
1264 4573 1303 4636 de
1327 4596 1414 4636 more

276 4690 451 4738 0111111111
475 4705 492 4739 Α
517 4706 544 4744 u.
567 4706 593 4739 u.
617 4705 737 4742 1111011111
761 4706 811 4742 noe
834 4697 973 4745 rheu-naz
1292 4702 1306 4746 9
