3458 5492
796 443 984 496 oxnnvtnrtn

815 803 972 870 CXLIV.

755 990 849 1049 1635.
874 985 958 1068 april
985 989 1033 1048 10.

299 1169 330 1234 Α
362 1167 467 1233 romei
500 1165 645 1232 caderaita
679 1167 769 1230 locet
801 1163 999 1244 atcsr'ttutr'la
1033 1163 1116 1246 bopg
1144 1182 1326 1244 umcppcr
1359 1159 1484 1244 liralyi

408 1257 546 1340 tepyari
564 1255 662 1338 jopru
684 1256 830 1319 se'ralmes
856 1255 1035 1337 rija‘trisolrat
1058 1251 1360 1336 crepakcddlpoaro.

405 1436 512 1517 Reges
528 1433 730 1515 Hungariae,
756 1432 1016 1516 praedecessores
1033 1431 1137 1495 nostri
1155 1430 1361 1496 felicissimae
1377 1450 1483 1493 recor·

299 1523 449 1602 dationis,
460 1524 501 1587 ab
512 1524 582 1606 ipsa
593 1523 845 1587 christianitatis
856 1529 888 1586 et
900 1521 1109 1585 ecclesiarum
1118 1519 1322 1583 fundationis
1329 1515 1482 1601 (origine)

300 1615 349 1678 ita
365 1614 619 1678 nominationem
636 1634 691 1676 seu
709 1611 898 1677 electionem
918 1611 1140 1694 episcoporum
1164 1609 1358 1690 Hungariae
1381 1609 1483 1671 conti-

298 1711 453 1779 nuarunt,
488 1711 525 1767 ut
557 1703 623 1785 jam
656 1703 815 1766 sexcentis
848 1708 880 1764 et
914 1701 1053 1783 amplius
1082 1699 1175 1763 annis
1198 1699 1321 1762 nemini
1343 1698 1483 1780 provisio

297 1812 336 1856 ao
369 1793 548 1857 nominatio
572 1792 614 1855 ad
638 1792 841 1874 episcopatus
870 1791 972 1854 totius
996 1789 1190 1871 Hungariae
1215 1788 1277 1852 nisi
1301 1788 1376 1852 solis
1399 1788 1483 1870 regi-

298 1883 359 1946 bus
393 1882 586 1965 Hungariae
619 1881 840 1964 competierit,
873 1880 1069 1944 sanctissimi
1102 1899 1177 1942 vero
1211 1877 1377 1942 Romanae
1399 1877 1484 1941 sedis

297 1972 466 2054 pontifices
498 1971 734 2036 nominationes
769 1993 825 2034 seu
858 1970 1030 2034 electiones
1053 1989 1072 2032 a
1096 1967 1229 2051 regibus
1262 1967 1366 2032 factas
1391 1989 1483 2049 prae-

298 2061 394 2126 misso
427 2063 575 2125 examine
607 2061 731 2142 absque
763 2059 960 2124 difficultate
993 2063 1208 2140 acceptarunt
1239 2078 1278 2122 ac
1306 2079 1325 2120 a
1351 2056 1483 2138 regibus

297 2151 481 2216 nominatos
505 2150 671 2214 antistites
688 2151 729 2216 ad
746 2149 1021 2214 consecrationem
1044 2146 1283 2230 suscipiendam
1307 2147 1482 2228 elegerunt.

406 2238 492 2323 Quia
524 2261 599 2304 vero
633 2235 685 2322 (ut
711 2261 798 2302 nunc
821 2239 962 2321 primum
986 2233 1219 2316 intelleximus)
1244 2258 1302 2300 sua
1326 2236 1483 2300 sanctitas

297 2334 330 2392 et
362 2352 465 2412 nuper
498 2329 532 2394 in
565 2331 767 2412 episcopatus
802 2329 978 2393 Bosnensis
1017 2335 1049 2391 et
1087 2347 1175 2392 nunc
1206 2327 1240 2390 in
1279 2326 1482 2408 episcopatus

298 2419 591 2484 Transilvaniensis
615 2419 804 2502 provisione,
828 2439 925 2482 novas
950 2438 987 2480 ac
1011 2423 1109 2481 antea
1143 2415 1310 2480 inauditas
1342 2414 1483 2479 difficul-

298 2514 382 2572 tates
415 2515 530 2588 movet,
561 2517 685 2572 vestrae
710 2508 924 2572 dominationi
948 2505 1123 2588 diligenter
1147 2505 1418 2584 commendamus,
1441 2527 1482 2569 ne

296 2598 357 2662 hac
381 2599 415 2661 in
444 2619 479 2662 re
513 2598 692 2680 quidquam
724 2597 873 2661 innovari
897 2603 956 2660 aut
978 2595 1044 2678 juri
1067 2602 1262 2679 patronatus
1286 2595 1367 2676 regii
1391 2595 1482 2659 dero·

297 2688 368 2769 gari
400 2688 567 2770 patiatur„
590 2687 659 2751 Nos
676 2747 678 2754 ,
693 2687 779 2750 enim
812 2693 956 2768 tempore
989 2684 1252 2768 inaugurationis
1285 2692 1416 2748 nostrae
1449 2685 1482 2748 in

297 2799 410 2859 regum
435 2777 629 2859 Hungariae
662 2782 772 2840 sancte
804 2775 1019 2858 promisimus,
1042 2776 1128 2856 leges
1153 2795 1190 2838 ac
1212 2775 1287 2856 jura
1311 2779 1483 2838 consuetu·

298 2867 454 2948 dinesque
477 2865 675 2950 approbatas
700 2865 793 2947 regni
817 2865 1011 2948 Hungariae
1035 2871 1281 2928 conservaturos
1304 2885 1379 2928 esse.

405 2954 567 3038 Quocirca
598 2962 706 3019 vestra
739 2955 917 3019 dominatio
950 2953 1065 3018 habita
1104 2975 1177 3017 cum
1216 2952 1482 3017 reverendissimo

236 3077 238 3082 r
298 3045 427 3110 domino
444 3047 618 3110 Montman
635 3045 785 3109 auditore
805 3046 911 3109 Rotae
936 3039 1221 3126 correspondentia
1240 3043 1288 3106 ita
1312 3043 1482 3107 sanctitati
1517 3042 1519 3050 ’

297 3156 374 3199 suae
407 3135 584 3200 efficaciter
616 3141 775 3218 proponet
813 3136 888 3217 jura
927 3140 1039 3197 nostra
1081 3134 1168 3214 regia
1207 3139 1305 3214 prout
1343 3132 1482 3196 maxime

296 3231 518 3307 opportunum
550 3225 754 3308 judicaverit.
797 3223 912 3306 Atque
945 3223 1094 3306 inprimis
1129 3222 1240 3287 debita
1274 3222 1482 3286 veneratione

200 3388 202 3392 ‚
296 3315 506 3378 sanctitatem
538 3337 630 3378 suam
663 3314 802 3396 rogabit,
827 3335 867 3379 ne
892 3319 941 3376 tot
965 3312 1109 3377 centenis
1135 3312 1228 3375 annis
1254 3313 1482 3376 continuatum

294 3405 347 3485 jus
371 3425 485 3486 regum
509 3403 703 3487 Hungariae
727 3403 868 3466 alterare
896 3403 982 3466 velit.
1016 3401 1144 3466 Deinde
1168 3422 1207 3464 ex
1230 3422 1363 3483 corpore
1387 3401 1412 3465 J
1414 3401 1481 3465 uris

297 3492 481 3575 Hungarici
515 3500 591 3562 ante
624 3500 753 3557 exortas
785 3493 925 3556 Lutheri
949 3493 1096 3556 haereses
1120 3497 1247 3554 statuta
1271 3490 1482 3574 municipalia

297 3583 427 3647 decreta
461 3584 500 3646 de
531 3583 629 3648 verbo
653 3583 854 3646 adverbum
888 3582 1027 3646 exscribi
1061 3581 1254 3658 curavimus,
1279 3587 1316 3644 ut
1340 3602 1398 3662 pro
1423 3601 1482 3644 sua

295 3673 473 3754 prudentia
497 3673 668 3738 sanctitati
691 3692 768 3736 suae
784 3672 833 3736 vel
858 3671 967 3735 omnia
982 3672 1032 3734 vel
1056 3671 1211 3754 pleraque
1235 3670 1387 3734 exhibere
1410 3691 1482 3752 pos-

296 3763 357 3844 sit;
391 3768 429 3826 ut
452 3763 610 3826 sanctitas
643 3784 702 3826 sua
735 3767 906 3844 cognoscat
940 3760 1082 3843 quidde
1107 3762 1188 3844 juris
1212 3761 1294 3842 regii
1318 3760 1482 3843 dignitate

296 3852 346 3914 in.
370 3851 547 3938 Hungaria
585 3853 650 3915 iam
689 3852 730 3916 ab
769 3852 905 3933 antiquo
945 3851 1096 3914 catholici
1135 3851 1313 3932 senserint3
1352 3851 1481 3914 demum

297 3941 443 4026 modesta
478 3941 653 4030 debitaque
677 3941 885 4004 veneratione
919 3941 1089 4004 sanctitati
1114 3961 1190 4004 suae
1214 3939 1482 4022 repraesentabit,

296 4032 353 4094 nos
386 4031 472 4095 salvo
505 4025 611 4095 officio
646 4029 687 4094 ac
708 4021 907 4112 obligatione
940 4033 1056 4094 nostra
1087 4030 1237 4094 recedere
1269 4051 1289 4092 a
1317 4029 1481 4093 veteribus

296 4115 589 4202 consuetudinibus
613 4143 676 4185 non
700 4121 810 4202 posse;
835 4126 934 4201 atque
958 4116 1029 4183 ideo
1054 4121 1265 4184 sanctitatem
1282 4141 1373 4184 suam
1389 4117 1482 4182 filiali

296 4207 413 4272 effectu
438 4231 561 4291 rogare,
592 4232 631 4273 ne
656 4209 736 4291 quid
763 4209 944 4288 innovetur,
976 4209 1063 4291 quod
1086 4217 1120 4272 et
1144 4209 1322 4291 Hungaros
1346 4231 1365 4271 a
1389 4208 1482 4273 nobis

295 4299 446 4384 alienare
471 4307 587 4382 posset,
620 4299 676 4364 sed
700 4319 752 4362 eos
777 4299 891 4380 quiqui
915 4299 1049 4364 anobis
1073 4300 1286 4363 nominantur
1310 4297 1480 4380 episcopos,

296 4387 358 4452 nisi
383 4389 536 4452 canonico
559 4389 789 4472 impedimento
813 4389 1076 4471 praepediantur,
1094 4389 1250 4452 sanctitas
1266 4409 1325 4450 sua
1341 4387 1382 4450 ad
1406 4409 1481 4452 con-

296 4479 509 4542 secrationem
534 4479 652 4560 eligere
675 4478 762 4542 velit.
797 4479 843 4540 Et
867 4479 945 4559 quia
969 4479 1008 4542 ob
1034 4478 1196 4542 deiectum
1217 4477 1477 4540 Transilvanien·

296 4568 338 4632 sis
371 4589 490 4650 magna
514 4568 547 4630 in
573 4569 640 4632 dies
674 4568 856 4630 animarum
885 4568 1003 4632 damna
1030 4577 1208 4650 emergunt,
1233 4588 1363 4648 operam
1387 4567 1481 4632 dabit
