3454 5492
408 466 428 504 l
451 467 572 505 usuras
596 467 656 507 um.
680 467 810 506 unorum
833 467 887 506 roo
910 455 1137 510 roartuarauuz.
1325 449 1370 509 53.

183 639 414 721 possessionem
439 644 584 702 assecute
598 635 743 719 luerint,
759 637 944 704 huiusmodi
963 646 1120 703 annatam
1138 639 1225 704 dicte
1241 661 1368 705 camere

183 728 359 811 apostolice
390 734 450 791 aut
484 729 710 792 collectoribus
743 729 792 792 vel
826 729 1116 793 subcollectoribus
1155 730 1297 794 eiusdem
1332 732 1366 794 in

181 818 247 881 illis
279 818 430 899 partibus
464 817 639 899 deputatis
663 839 736 882 cum
770 817 888 882 effectu
921 819 1009 882 infra
1040 841 1097 883 sex
1120 841 1245 884 menses
1269 843 1289 885 a
1313 821 1365 884 <lio

182 907 294 971 habite
318 905 451 988 pacifice
474 909 681 988 possessionis
704 907 890 972 huiusmodi
914 907 1036 972 solvere
1059 913 1252 988 teneantur3
1287 911 1366 974 alio-

180 998 261 1078 quin
286 997 351 1060 illis
376 997 442 1060 sint
466 997 613 1061 semestri
629 997 815 1061 huiusmodi
832 998 939 1081 elapso
956 1019 992 1062 eo
1009 999 1077 1080 ipso
1093 999 1222 1080 privati.
1240 997 1365 1063 Verum

181 1087 260 1168 quia
292 1084 425 1149 difficile
457 1085 543 1149 foret
576 1087 633 1150 has
665 1087 794 1150 litteras
826 1087 868 1150 ad
892 1088 1028 1170 singula,
1053 1087 1087 1150 iu
1113 1089 1231 1170 quibus
1254 1089 1365 1158 forsan

181 1175 222 1239 de
246 1175 365 1239 eisdem
389 1175 469 1239 fides
492 1175 644 1240 iacienda
667 1176 760 1255 foret,
784 1177 854 1240 loca
879 1177 1014 1257 deferre,
1032 1177 1143 1241 eadem
1167 1179 1366 1242 auctoritate

180 1265 393 1345 decernimus
418 1265 503 1346 quod
529 1287 640 1329 earum
666 1271 872 1347 transumpto
896 1289 994 1332 manu
1014 1267 1145 1350 publica
1170 1273 1202 1330 et
1227 1273 1283 1331 tuo
1306 1273 1365 1332 aut

181 1355 319 1418 alicuius
343 1354 540 1418 cathedralis
564 1376 620 1419 seu
644 1356 813 1438 collegiata
839 1356 970 1420 ecclesie
996 1357 1101 1438 sigillo
1121 1357 1256 1436 munito,
1280 1364 1366 1421 tarn-

179 1465 278 1526 quam
303 1445 380 1525 ipsis
404 1445 619 1526 originalibus
642 1445 763 1510 litteris
787 1445 883 1527 plena
905 1445 985 1510 fides
1004 1447 1211 1526 adhibeatur,
1235 1452 1269 1510 et
1291 1469 1364 1528 per-

180 1533 257 1597 inde
280 1539 394 1611 stetur,
419 1553 456 1596 ac
481 1535 507 1596 si
532 1535 618 1598 dicte
650 1535 826 1617 originales
858 1535 970 1599 littere
1001 1535 1110 1600 forent
1135 1535 1288 1602 exhibite.
1314 1537 1364 1600 vel

178 1629 315 1687 ostense.
349 1624 394 1686 Et
426 1623 558 1705 insuper
591 1645 719 1688 exnunc
750 1624 882 1687 irritum
916 1625 1119 1690 decernimus
1144 1632 1176 1688 et
1207 1625 1312 1706 inane,
1337 1628 1364 1690 si

180 1732 272 1776 secus
304 1733 401 1794 super
433 1713 496 1776 hiis
528 1735 547 1776 a
576 1734 739 1795 quoquam
774 1715 900 1796 quavis·
920 1717 1118 1779 auctoritate
1151 1715 1291 1778 scienter
1314 1717 1364 1778 vel

179 1803 370 1880 ignoranter
394 1804 569 1884 contigerit
592 1803 794 1886 attemptari.
827 1801 952 1867 Datum
975 1804 1079 1868 Rome
1102 1803 1189 1886 apud
1214 1813 1363 1869 sanctum

179 1891 315 1954 Petrum
342 1913 426 1955 anno
452 1892 687 1956 iucarnationis
720 1892 880 1956 dominice
915 1893 1084 1958 millesimo
1108 1893 1363 1976 quadringente-

178 1981 260 2044 simo
293 1982 512 2062 octuagesimo
545 1983 669 2063 quinto,
698 1983 804 2064 pridie
837 1983 910 2046 idus
943 1983 1121 2047 Februarii
1148 1983 1363 2066 pontificatus

179 2071 282 2134 nostri
307 2091 391 2133 anno
415 2071 563 2135 secundo.

287 2157 401 2224 Gratis
425 2161 464 2223 de
488 2161 643 2224 mandato
668 2161 790 2225 domini
814 2162 918 2226 nostri
942 2181 1024 2244 pape

287 2283 434 2348 ,loannes
458 2285 666 2362 Laurentius.
1032 2289 1077 2352 M.
1103 2289 1142 2352 de
1166 2287 1316 2353 Castello.

287 2446 322 2505 <A
341 2441 468 2495 vatikaui
487 2443 671 2496 leve'ltarban.
691 2448 811 2514 Regesta
831 2445 975 2499 Vaticana.
995 2447 1056 2499 Vol.
1078 2453 1145 2513 682„
1168 2445 1215 2499 fol.
1237 2451 1319 2508 163t.)

731 2751 807 2814 XL.

627 2916 722 2975 1486.
746 2914 859 2994 aprilis
884 2920 912 2978 1.

176 3071 312 3152 Mattyos
345 3071 456 3153 libriles
489 3091 529 3135 aa
561 3073 747 3155 esaterporni
779 3075 954 3157 e'rselsepet
986 3077 1097 3141 Esalei
1126 3078 1359 3161 Hippolytuub

183 3197 184 3204 κ
645 3163 898 3246 adouaurapoaau.

284 3319 352 3384 Nos
385 3321 547 3386 Matthias
581 3323 633 3386 dei
665 3325 775 3406 gracia
807 3346 866 3388 rex
898 3326 1071 3410 Hungarie
1111 3329 1266 3394 Bohemie
1299 3339 1359 3396 etc.

175 3407 406 3491 Significamus
431 3419 542 3476 tenore
566 3413 768 3495 presencium
794 3414 913 3497 quibus
936 3417 1067 3500 expedit
1092 3420 1255 3499 universis,
1273 3421 1358 3502 quod

174 3521 249 3563 cum
274 3500 408 3564 ecclesia
433 3503 684 3584 metropolitana
708 3501 949 3586 Strigoniensis,
983 3529 1081 3588 quam
1105 3531 1162 3572 nos
1186 3510 1275 3588 alias,
1300 3512 1358 3573 im-

175 3589 289 3670 primis
322 3612 380 3671 pro
413 3612 522 3655 amore
555 3599 665 3656 nostro
690 3594 856 3658 inmortali
881 3601 913 3659 et
937 3598 1076 3660 caritate
1105 3599 1270 3680 singulari,
1295 3621 1359 3681 qua

175 3678 429 3742 illustrissimam
454 3680 617 3745 dominam
642 3682 827 3747 Beatricem
853 3686 999 3766 reginam
1016 3694 1197 3750 consortem
1214 3696 1358 3753 nostram

173 3768 374 3832 carissimam
399 3771 635 3851 amplectimur,
667 3772 783 3836 deinde
807 3774 909 3837 eciam
934 3775 1053 3840 affectu
1077 3782 1110 3839 et
1135 3779 1280 3842 naturali
1304 3779 1362 3842 de-¹

173 3855 293 3921 siderio
325 3863 445 3939 nostro,
471 3861 556 3942 quod
590 3882 667 3943 erga
699 3863 956 3928 illustrissimum
990 3872 1022 3929 et
1054 3868 1357 3932 reverendissimum

173 3947 341 4010 dominum
365 3946 528 4012 Joannem
554 3950 593 4013 de
617 3949 776 4033 Aragona
800 3959 911 4016 sancte
943 3955 1090 4018 Romane
1123 3957 1254 4021 ecclesie
1287 3979 1358 4021 car-

173 4036 485 4116 dinaleu1‚iratrcm
519 4041 682 4103 carnalem
716 4042 817 4125 ipsius
850 4043 979 4107 domine
1011 4044 1123 4126 regine
1155 4053 1187 4109 et
1219 4048 1356 4112 eundem

171 4125 306 4189 affinem
340 4132 488 4191 nostrum
520 4130 710 4212 precipuum
744 4132 952 4212 habebamus,
985 4139 1130 4198 ceterum
1160 4141 1197 4198 ut
1222 4139 1358 4201 screnis-

172 4215 255 4278 simo
287 4216 427 4298 principi
461 4217 589 4282 domino
618 4219 829 4285 Ferdinando
854 4220 965 4286 Sicilie
988 4225 1057 4304 regi
1081 4226 1169 4306 patri
1193 4232 1225 4289 et
1248 4247 1357 4290 socero

173 4311 284 4368 nostro
317 4307 491 4388 carissimo,
524 4309 577 4372 cui
610 4316 771 4390 quantum
803 4332 972 4393 possumus
1003 4318 1133 4376 tantum
1158 4335 1215 4378 nos
1239 4317 1356 4380 debere

171 4394 385 4474 arbitramur,
410 4417 478 4458 rem
503 4405 633 4479 gratam
656 4399 762 4462 facere
786 4421 958 4482 possemus,
985 4401 1113 4484 prefato
1137 4403 1356 4468 illustrissimo

171 4490 206 4547 et
222 4485 489 4549 reverendissimo
509 4487 638 4550 domino
655 4488 680 4550 J
681 4490 779 4552 oanni
803 4490 962 4554 cardinali
987 4492 1246 4575 contuleramus;
1270 4515 1356 4558 nuuc

171 4593 313 4653 rursum,
337 4575 434 4638 sicuti
457 4576 566 4639 divine
590 4577 748 4659 placitum
771 4587 820 4642 est
843 4580 1015 4662 voluntati,
1039 4583 1107 4664 ipso
1132 4583 1261 4648 domino
1286 4605 1356 4648 car-
