<?xml version="1.0" encoding="UTF-8"?>
<!DOCTYPE html PUBLIC "-//W3C//DTD XHTML 1.0 Transitional//EN"
    "http://www.w3.org/TR/xhtml1/DTD/xhtml1-transitional.dtd">
<html xmlns="http://www.w3.org/1999/xhtml" xml:lang="en" lang="en">
 <head>
  <title>
</title>
<meta http-equiv="Content-Type" content="text/html;charset=utf-8" />
  <meta name='ocr-system' content='tesseract 3.04.00' />
  <meta name='ocr-capabilities' content='ocr_page ocr_carea ocr_par ocr_line ocrx_word'/>
</head>
<body>
  <div class='ocr_page' id='page_1' title='image "./oklevltramagyar00frakgoog_0166.png"; bbox 0 0 3458 5492; ppageno 0'>
   <div class='ocr_carea' id='block_1_1' title="bbox 445 414 1391 479">
    <p class='ocr_par' dir='ltr' id='par_1_1' title="bbox 445 414 1391 479">
     <span class='ocr_line' id='line_1_1' title="bbox 445 414 1391 479; baseline -0.001 -1"><span class='ocrx_word' id='word_1_1' title='bbox 445 437 461 478; x_wconf 80' lang='grc'>1</span> <span class='ocrx_word' id='word_1_2' title='bbox 487 435 608 478; x_wconf 77' lang='lat' dir='ltr'>provin</span> <span class='ocrx_word' id='word_1_3' title='bbox 632 435 842 479; x_wconf 79' lang='lat' dir='ltr'>mn.rrscrus1</span> <span class='ocrx_word' id='word_1_4' title='bbox 866 437 916 478; x_wconf 81' lang='lat' dir='ltr'>roc</span> <span class='ocrx_word' id='word_1_5' title='bbox 942 423 1167 479; x_wconf 74' lang='lat' dir='ltr'>ronrdrnrrlnrz.</span> <span class='ocrx_word' id='word_1_6' title='bbox 1334 414 1391 478; x_wconf 80' lang='lat'>131</span> 
     </span>
    </p>
   </div>
   <div class='ocr_carea' id='block_1_2' title="bbox 205 612 1401 4664">
    <p class='ocr_par' dir='ltr' id='par_1_2' title="bbox 205 612 1401 4664">
     <span class='ocr_line' id='line_1_2' title="bbox 221 612 1401 695; baseline 0.003 -23"><span class='ocrx_word' id='word_1_7' title='bbox 221 615 258 672; x_wconf 89' lang='lat' dir='ltr'>ut</span> <span class='ocrx_word' id='word_1_8' title='bbox 281 631 334 674; x_wconf 92' lang='lat' dir='ltr'>eos</span> <span class='ocrx_word' id='word_1_9' title='bbox 358 613 440 675; x_wconf 88' lang='lat' dir='ltr'>serio</span> <span class='ocrx_word' id='word_1_10' title='bbox 464 612 631 677; x_wconf 80' lang='lat' dir='ltr'>admoneri</span> <span class='ocrx_word' id='word_1_11' title='bbox 655 613 777 694; x_wconf 86' lang='lat' dir='ltr'>jubeat,</span> <span class='ocrx_word' id='word_1_12' title='bbox 798 620 835 676; x_wconf 91' lang='lat' dir='ltr'>ut</span> <span class='ocrx_word' id='word_1_13' title='bbox 858 613 1032 695; x_wconf 81' lang='lat' dir='ltr'>diligenter</span> <span class='ocrx_word' id='word_1_14' title='bbox 1056 613 1155 676; x_wconf 87' lang='lat' dir='ltr'>etiam</span> <span class='ocrx_word' id='word_1_15' title='bbox 1179 619 1278 694; x_wconf 87' lang='lat' dir='ltr'>atque</span> <span class='ocrx_word' id='word_1_16' title='bbox 1302 613 1401 676; x_wconf 90' lang='lat' dir='ltr'>etiam</span> 
     </span>
     <span class='ocr_line' id='line_1_3' title="bbox 219 701 1401 786; baseline 0.003 -24"><span class='ocrx_word' id='word_1_17' title='bbox 219 701 372 783; x_wconf 77' lang='lat' dir='ltr'>cogitent,</span> <span class='ocrx_word' id='word_1_18' title='bbox 397 703 477 784; x_wconf 90' lang='lat' dir='ltr'>quid</span> <span class='ocrx_word' id='word_1_19' title='bbox 500 708 609 786; x_wconf 87' lang='lat' dir='ltr'>agant.</span> <span class='ocrx_word' id='word_1_20' title='bbox 643 703 830 767; x_wconf 89' lang='lat' dir='ltr'>Nominatis</span> <span class='ocrx_word' id='word_1_21' title='bbox 854 703 939 766; x_wconf 91' lang='lat' dir='ltr'>enim</span> <span class='ocrx_word' id='word_1_22' title='bbox 963 708 997 766; x_wconf 91' lang='lat' dir='ltr'>et</span> <span class='ocrx_word' id='word_1_23' title='bbox 1019 703 1235 785; x_wconf 89' lang='lat' dir='ltr'>praesentatis</span> <span class='ocrx_word' id='word_1_24' title='bbox 1258 725 1278 765; x_wconf 90' lang='lat' dir='ltr'>a</span> <span class='ocrx_word' id='word_1_25' title='bbox 1302 703 1401 785; x_wconf 85' lang='lat' dir='ltr'>maje-</span> 
     </span>
     <span class='ocr_line' id='line_1_4' title="bbox 219 791 1401 876; baseline 0.003 -22"><span class='ocrx_word' id='word_1_26' title='bbox 219 795 304 854; x_wconf 87' lang='lat' dir='ltr'>state</span> <span class='ocrx_word' id='word_1_27' title='bbox 329 798 436 856; x_wconf 87' lang='lat' dir='ltr'>vestra</span> <span class='ocrx_word' id='word_1_28' title='bbox 459 793 548 858; x_wconf 90' lang='lat' dir='ltr'>nullo</span> <span class='ocrx_word' id='word_1_29' title='bbox 571 799 667 875; x_wconf 89' lang='lat' dir='ltr'>pacto</span> <span class='ocrx_word' id='word_1_30' title='bbox 695 794 792 859; x_wconf 90' lang='lat' dir='ltr'>rebus</span> <span class='ocrx_word' id='word_1_31' title='bbox 824 791 1051 876; x_wconf 80' lang='lat' dir='ltr'>spiritualibus</span> <span class='ocrx_word' id='word_1_32' title='bbox 1076 798 1134 856; x_wconf 88' lang='lat' dir='ltr'>aut</span> <span class='ocrx_word' id='word_1_33' title='bbox 1158 792 1401 874; x_wconf 90' lang='lat' dir='ltr'>temporalibus,</span> 
     </span>
     <span class='ocr_line' id='line_1_5' title="bbox 220 881 1401 967; baseline 0.003 -24"><span class='ocrx_word' id='word_1_34' title='bbox 220 886 257 944; x_wconf 90' lang='lat' dir='ltr'>ut</span> <span class='ocrx_word' id='word_1_35' title='bbox 274 881 399 945; x_wconf 89' lang='lat' dir='ltr'>dictum</span> <span class='ocrx_word' id='word_1_36' title='bbox 419 887 476 963; x_wconf 91' lang='lat' dir='ltr'>est,</span> <span class='ocrx_word' id='word_1_37' title='bbox 499 883 677 948; x_wconf 79' lang='lat' dir='ltr'>admiscere</span> <span class='ocrx_word' id='word_1_38' title='bbox 694 904 727 948; x_wconf 89' lang='lat' dir='ltr'>se</span> <span class='ocrx_word' id='word_1_39' title='bbox 742 891 802 948; x_wconf 90' lang='lat' dir='ltr'>aut</span> <span class='ocrx_word' id='word_1_40' title='bbox 818 883 965 967; x_wconf 80' lang='lat' dir='ltr'>ingerere</span> <span class='ocrx_word' id='word_1_41' title='bbox 987 883 1074 959; x_wconf 90' lang='lat' dir='ltr'>licet,</span> <span class='ocrx_word' id='word_1_42' title='bbox 1098 903 1161 946; x_wconf 91' lang='lat' dir='ltr'>non</span> <span class='ocrx_word' id='word_1_43' title='bbox 1178 881 1272 946; x_wconf 91' lang='lat' dir='ltr'>modo</span> <span class='ocrx_word' id='word_1_44' title='bbox 1289 903 1401 965; x_wconf 91' lang='lat' dir='ltr'>quam-</span> 
     </span>
     <span class='ocr_line' id='line_1_6' title="bbox 219 970 1401 1056; baseline 0.001 -22"><span class='ocrx_word' id='word_1_45' title='bbox 219 970 276 1034; x_wconf 92' lang='lat' dir='ltr'>diu</span> <span class='ocrx_word' id='word_1_46' title='bbox 292 973 451 1037; x_wconf 89' lang='lat' dir='ltr'>nominati</span> <span class='ocrx_word' id='word_1_47' title='bbox 465 979 498 1037; x_wconf 88' lang='lat' dir='ltr'>et</span> <span class='ocrx_word' id='word_1_48' title='bbox 510 973 711 1056; x_wconf 89' lang='lat' dir='ltr'>praesentati</span> <span class='ocrx_word' id='word_1_49' title='bbox 727 980 859 1038; x_wconf 88' lang='lat' dir='ltr'>tantum</span> <span class='ocrx_word' id='word_1_50' title='bbox 875 978 960 1054; x_wconf 89' lang='lat' dir='ltr'>sunt,</span> <span class='ocrx_word' id='word_1_51' title='bbox 971 972 1027 1037; x_wconf 89' lang='lat' dir='ltr'>sed</span> <span class='ocrx_word' id='word_1_52' title='bbox 1040 993 1144 1054; x_wconf 90' lang='lat' dir='ltr'>neque</span> <span class='ocrx_word' id='word_1_53' title='bbox 1161 977 1282 1054; x_wconf 91' lang='lat' dir='ltr'>etpost</span> <span class='ocrx_word' id='word_1_54' title='bbox 1298 973 1401 1037; x_wconf 91' lang='lat' dir='ltr'>consi-</span> 
     </span>
     <span class='ocr_line' id='line_1_7' title="bbox 218 1060 1401 1146; baseline 0 -21"><span class='ocrx_word' id='word_1_55' title='bbox 218 1061 384 1141; x_wconf 89' lang='lat' dir='ltr'>storialem</span> <span class='ocrx_word' id='word_1_56' title='bbox 398 1063 622 1145; x_wconf 85' lang='lat' dir='ltr'>provisionem,</span> <span class='ocrx_word' id='word_1_57' title='bbox 638 1085 712 1127; x_wconf 92' lang='lat' dir='ltr'>cum</span> <span class='ocrx_word' id='word_1_58' title='bbox 727 1064 794 1146; x_wconf 84' lang='lat' dir='ltr'>jam</span> <span class='ocrx_word' id='word_1_59' title='bbox 810 1063 904 1128; x_wconf 91' lang='lat' dir='ltr'>electi</span> <span class='ocrx_word' id='word_1_60' title='bbox 920 1068 1162 1146; x_wconf 88' lang='lat' dir='ltr'>nuncupantur.</span> <span class='ocrx_word' id='word_1_61' title='bbox 1187 1060 1252 1126; x_wconf 83' lang='lat' dir='ltr'>Sed</span> <span class='ocrx_word' id='word_1_62' title='bbox 1271 1063 1401 1126; x_wconf 88' lang='lat' dir='ltr'>omnino</span> 
     </span>
     <span class='ocr_line' id='line_1_8' title="bbox 219 1152 1400 1237; baseline 0.003 -23"><span class='ocrx_word' id='word_1_63' title='bbox 219 1172 345 1218; x_wconf 88' lang='lat' dir='ltr'>necesse</span> <span class='ocrx_word' id='word_1_64' title='bbox 378 1158 435 1233; x_wconf 88' lang='lat' dir='ltr'>est,</span> <span class='ocrx_word' id='word_1_65' title='bbox 469 1161 506 1218; x_wconf 91' lang='lat' dir='ltr'>ut</span> <span class='ocrx_word' id='word_1_66' title='bbox 539 1157 637 1217; x_wconf 88' lang='lat' dir='ltr'>antea</span> <span class='ocrx_word' id='word_1_67' title='bbox 669 1153 782 1219; x_wconf 85' lang='lat' dir='ltr'>literas</span> <span class='ocrx_word' id='word_1_68' title='bbox 814 1153 1007 1237; x_wconf 89' lang='lat' dir='ltr'>apostolicas</span> <span class='ocrx_word' id='word_1_69' title='bbox 1031 1158 1064 1216; x_wconf 91' lang='lat' dir='ltr'>et</span> <span class='ocrx_word' id='word_1_70' title='bbox 1086 1152 1194 1218; x_wconf 91' lang='lat' dir='ltr'>bullas</span> <span class='ocrx_word' id='word_1_71' title='bbox 1217 1152 1400 1235; x_wconf 88' lang='lat' dir='ltr'>expediant.</span> 
     </span>
     <span class='ocr_line' id='line_1_9' title="bbox 218 1239 1401 1326; baseline 0 -21"><span class='ocrx_word' id='word_1_72' title='bbox 218 1239 363 1323; x_wconf 77' lang='lat' dir='ltr'>Quodsi</span> <span class='ocrx_word' id='word_1_73' title='bbox 387 1263 477 1307; x_wconf 90' lang='lat' dir='ltr'>secus</span> <span class='ocrx_word' id='word_1_74' title='bbox 502 1243 648 1324; x_wconf 87' lang='lat' dir='ltr'>iecerint,</span> <span class='ocrx_word' id='word_1_75' title='bbox 671 1245 705 1307; x_wconf 91' lang='lat' dir='ltr'>in</span> <span class='ocrx_word' id='word_1_76' title='bbox 734 1264 852 1326; x_wconf 87' lang='lat' dir='ltr'>poenas</span> <span class='ocrx_word' id='word_1_77' title='bbox 876 1265 896 1307; x_wconf 90' lang='lat' dir='ltr'>a</span> <span class='ocrx_word' id='word_1_78' title='bbox 919 1244 1019 1308; x_wconf 89' lang='lat' dir='ltr'>sacris</span> <span class='ocrx_word' id='word_1_79' title='bbox 1048 1242 1227 1307; x_wconf 87' lang='lat' dir='ltr'>canonibus</span> <span class='ocrx_word' id='word_1_80' title='bbox 1260 1247 1292 1306; x_wconf 91' lang='lat' dir='ltr'>et</span> <span class='ocrx_word' id='word_1_81' title='bbox 1325 1264 1401 1325; x_wconf 90' lang='lat' dir='ltr'>apo-</span> 
     </span>
     <span class='ocr_line' id='line_1_10' title="bbox 217 1332 1400 1414; baseline 0.002 -20"><span class='ocrx_word' id='word_1_82' title='bbox 217 1332 339 1396; x_wconf 90' lang='lat' dir='ltr'>stolicis</span> <span class='ocrx_word' id='word_1_83' title='bbox 355 1334 646 1398; x_wconf 86' lang='lat' dir='ltr'>constitutionibus</span> <span class='ocrx_word' id='word_1_84' title='bbox 663 1338 806 1398; x_wconf 89' lang='lat' dir='ltr'>statutas</span> <span class='ocrx_word' id='word_1_85' title='bbox 829 1335 1012 1414; x_wconf 90' lang='lat' dir='ltr'>incurrunt,</span> <span class='ocrx_word' id='word_1_86' title='bbox 1037 1353 1096 1396; x_wconf 89' lang='lat' dir='ltr'>nec</span> <span class='ocrx_word' id='word_1_87' title='bbox 1112 1339 1187 1397; x_wconf 90' lang='lat' dir='ltr'>tuta</span> <span class='ocrx_word' id='word_1_88' title='bbox 1202 1333 1400 1397; x_wconf 90' lang='lat' dir='ltr'>conscientia</span> 
     </span>
     <span class='ocr_line' id='line_1_11' title="bbox 218 1422 1399 1508; baseline 0.001 -23"><span class='ocrx_word' id='word_1_89' title='bbox 218 1422 299 1486; x_wconf 93' lang='lat' dir='ltr'>ullos</span> <span class='ocrx_word' id='word_1_90' title='bbox 322 1422 532 1488; x_wconf 85' lang='lat' dir='ltr'>ecclesiarum</span> <span class='ocrx_word' id='word_1_91' title='bbox 556 1423 685 1488; x_wconf 84' lang='lat' dir='ltr'>fructus</span> <span class='ocrx_word' id='word_1_92' title='bbox 707 1426 902 1508; x_wconf 89' lang='lat' dir='ltr'>percipiunt,</span> <span class='ocrx_word' id='word_1_93' title='bbox 925 1424 967 1488; x_wconf 90' lang='lat' dir='ltr'>ad</span> <span class='ocrx_word' id='word_1_94' title='bbox 993 1444 1132 1508; x_wconf 92' lang='lat' dir='ltr'>quorum</span> <span class='ocrx_word' id='word_1_95' title='bbox 1158 1424 1399 1488; x_wconf 88' lang='lat' dir='ltr'>restitutionem</span> 
     </span>
     <span class='ocr_line' id='line_1_12' title="bbox 217 1513 1399 1596; baseline 0.002 -21"><span class='ocrx_word' id='word_1_96' title='bbox 217 1517 380 1592; x_wconf 84' lang='lat' dir='ltr'>tenentur,</span> <span class='ocrx_word' id='word_1_97' title='bbox 413 1513 527 1577; x_wconf 88' lang='lat' dir='ltr'>iisdem</span> <span class='ocrx_word' id='word_1_98' title='bbox 556 1534 631 1578; x_wconf 92' lang='lat' dir='ltr'>vero</span> <span class='ocrx_word' id='word_1_99' title='bbox 664 1514 827 1579; x_wconf 90' lang='lat' dir='ltr'>canonicis</span> <span class='ocrx_word' id='word_1_100' title='bbox 851 1522 884 1578; x_wconf 90' lang='lat' dir='ltr'>et</span> <span class='ocrx_word' id='word_1_101' title='bbox 908 1513 1091 1596; x_wconf 89' lang='lat' dir='ltr'>apostolicis</span> <span class='ocrx_word' id='word_1_102' title='bbox 1114 1513 1253 1577; x_wconf 90' lang='lat' dir='ltr'>decretis</span> <span class='ocrx_word' id='word_1_103' title='bbox 1277 1513 1399 1596; x_wconf 89' lang='lat' dir='ltr'>absque</span> 
     </span>
     <span class='ocr_line' id='line_1_13' title="bbox 217 1601 1399 1686; baseline 0.003 -22"><span class='ocrx_word' id='word_1_104' title='bbox 217 1601 282 1666; x_wconf 87' lang='lat' dir='ltr'>alia</span> <span class='ocrx_word' id='word_1_105' title='bbox 306 1603 528 1668; x_wconf 83' lang='lat' dir='ltr'>declaratione</span> <span class='ocrx_word' id='word_1_106' title='bbox 550 1603 731 1686; x_wconf 90' lang='lat' dir='ltr'>privantur,</span> <span class='ocrx_word' id='word_1_107' title='bbox 746 1611 780 1668; x_wconf 90' lang='lat' dir='ltr'>et</span> <span class='ocrx_word' id='word_1_108' title='bbox 804 1603 964 1669; x_wconf 89' lang='lat' dir='ltr'>inhabiles</span> <span class='ocrx_word' id='word_1_109' title='bbox 989 1625 1025 1668; x_wconf 89' lang='lat' dir='ltr'>ac</span> <span class='ocrx_word' id='word_1_110' title='bbox 1050 1605 1219 1686; x_wconf 88' lang='lat' dir='ltr'>incapaces</span> <span class='ocrx_word' id='word_1_111' title='bbox 1236 1604 1399 1686; x_wconf 90' lang='lat' dir='ltr'>episcopa-</span> 
     </span>
     <span class='ocr_line' id='line_1_14' title="bbox 216 1691 1398 1778; baseline 0.001 -23"><span class='ocrx_word' id='word_1_112' title='bbox 216 1691 255 1756; x_wconf 92' lang='lat' dir='ltr'>lis</span> <span class='ocrx_word' id='word_1_113' title='bbox 279 1691 451 1774; x_wconf 85' lang='lat' dir='ltr'>dignitatis</span> <span class='ocrx_word' id='word_1_114' title='bbox 484 1692 682 1774; x_wconf 83' lang='lat' dir='ltr'>efficiuntur,</span> <span class='ocrx_word' id='word_1_115' title='bbox 715 1699 748 1758; x_wconf 89' lang='lat' dir='ltr'>et</span> <span class='ocrx_word' id='word_1_116' title='bbox 772 1694 929 1778; x_wconf 90' lang='lat' dir='ltr'>quicquid</span> <span class='ocrx_word' id='word_1_117' title='bbox 963 1694 1090 1758; x_wconf 89' lang='lat' dir='ltr'>interea</span> <span class='ocrx_word' id='word_1_118' title='bbox 1122 1699 1233 1776; x_wconf 89' lang='lat' dir='ltr'>agunt,</span> <span class='ocrx_word' id='word_1_119' title='bbox 1264 1693 1398 1774; x_wconf 90' lang='lat' dir='ltr'>nullum,</span> 
     </span>
     <span class='ocr_line' id='line_1_15' title="bbox 215 1781 1399 1866; baseline 0.003 -21"><span class='ocrx_word' id='word_1_120' title='bbox 215 1782 347 1846; x_wconf 90' lang='lat' dir='ltr'>irritum</span> <span class='ocrx_word' id='word_1_121' title='bbox 372 1788 470 1865; x_wconf 90' lang='lat' dir='ltr'>atque</span> <span class='ocrx_word' id='word_1_122' title='bbox 495 1784 675 1848; x_wconf 89' lang='lat' dir='ltr'>invalidum</span> <span class='ocrx_word' id='word_1_123' title='bbox 698 1790 756 1848; x_wconf 91' lang='lat' dir='ltr'>est.</span> <span class='ocrx_word' id='word_1_124' title='bbox 785 1781 877 1866; x_wconf 78' lang='lat' dir='ltr'>Quae</span> <span class='ocrx_word' id='word_1_125' title='bbox 901 1805 975 1848; x_wconf 92' lang='lat' dir='ltr'>cum</span> <span class='ocrx_word' id='word_1_126' title='bbox 998 1783 1131 1865; x_wconf 89' lang='lat' dir='ltr'>plurimi</span> <span class='ocrx_word' id='word_1_127' title='bbox 1155 1790 1189 1848; x_wconf 91' lang='lat' dir='ltr'>et</span> <span class='ocrx_word' id='word_1_128' title='bbox 1211 1784 1307 1866; x_wconf 91' lang='lat' dir='ltr'>plane</span> <span class='ocrx_word' id='word_1_129' title='bbox 1331 1805 1399 1848; x_wconf 90' lang='lat' dir='ltr'>ma-</span> 
     </span>
     <span class='ocr_line' id='line_1_16' title="bbox 216 1872 1399 1957; baseline 0.001 -22"><span class='ocrx_word' id='word_1_130' title='bbox 216 1872 294 1936; x_wconf 85' lang='lat' dir='ltr'>ximi</span> <span class='ocrx_word' id='word_1_131' title='bbox 327 1873 478 1956; x_wconf 90' lang='lat' dir='ltr'>ponderis</span> <span class='ocrx_word' id='word_1_132' title='bbox 514 1880 599 1952; x_wconf 88' lang='lat' dir='ltr'>sunt,</span> <span class='ocrx_word' id='word_1_133' title='bbox 638 1880 806 1957; x_wconf 87' lang='lat' dir='ltr'>perspecta</span> <span class='ocrx_word' id='word_1_134' title='bbox 844 1873 1025 1957; x_wconf 85' lang='lat' dir='ltr'>majestatis</span> <span class='ocrx_word' id='word_1_135' title='bbox 1058 1879 1184 1938; x_wconf 88' lang='lat' dir='ltr'>vestrae</span> <span class='ocrx_word' id='word_1_136' title='bbox 1222 1875 1327 1956; x_wconf 87' lang='lat' dir='ltr'>pietas</span> <span class='ocrx_word' id='word_1_137' title='bbox 1366 1880 1399 1936; x_wconf 90' lang='lat' dir='ltr'>et</span> 
     </span>
     <span class='ocr_line' id='line_1_17' title="bbox 217 1962 1398 2047; baseline 0.001 -22"><span class='ocrx_word' id='word_1_138' title='bbox 217 1962 331 2044; x_wconf 90' lang='lat' dir='ltr'>religio</span> <span class='ocrx_word' id='word_1_139' title='bbox 356 1969 480 2027; x_wconf 87' lang='lat' dir='ltr'>certam</span> <span class='ocrx_word' id='word_1_140' title='bbox 504 1986 591 2047; x_wconf 91' lang='lat' dir='ltr'>spem</span> <span class='ocrx_word' id='word_1_141' title='bbox 616 1965 760 2046; x_wconf 87' lang='lat' dir='ltr'>praebet,</span> <span class='ocrx_word' id='word_1_142' title='bbox 778 1964 853 2044; x_wconf 89' lang='lat' dir='ltr'>fore,</span> <span class='ocrx_word' id='word_1_143' title='bbox 874 1971 911 2028; x_wconf 92' lang='lat' dir='ltr'>ut</span> <span class='ocrx_word' id='word_1_144' title='bbox 930 1964 1001 2046; x_wconf 89' lang='lat' dir='ltr'>ipsa</span> <span class='ocrx_word' id='word_1_145' title='bbox 1024 1964 1111 2026; x_wconf 91' lang='lat' dir='ltr'>omni</span> <span class='ocrx_word' id='word_1_146' title='bbox 1135 1963 1243 2027; x_wconf 91' lang='lat' dir='ltr'>studio</span> <span class='ocrx_word' id='word_1_147' title='bbox 1268 1963 1398 2044; x_wconf 87' lang='lat' dir='ltr'>efficiat,</span> 
     </span>
     <span class='ocr_line' id='line_1_18' title="bbox 215 2054 1398 2137; baseline 0.001 -22"><span class='ocrx_word' id='word_1_148' title='bbox 215 2073 407 2136; x_wconf 90' lang='lat' dir='ltr'>omnemque</span> <span class='ocrx_word' id='word_1_149' title='bbox 432 2075 524 2118; x_wconf 91' lang='lat' dir='ltr'>suam</span> <span class='ocrx_word' id='word_1_150' title='bbox 547 2055 777 2119; x_wconf 87' lang='lat' dir='ltr'>auctoritatem</span> <span class='ocrx_word' id='word_1_151' title='bbox 803 2063 836 2118; x_wconf 91' lang='lat' dir='ltr'>et</span> <span class='ocrx_word' id='word_1_152' title='bbox 860 2075 990 2137; x_wconf 87' lang='lat' dir='ltr'>operam</span> <span class='ocrx_word' id='word_1_153' title='bbox 1018 2074 1077 2136; x_wconf 91' lang='lat' dir='ltr'>pro</span> <span class='ocrx_word' id='word_1_154' title='bbox 1102 2059 1196 2118; x_wconf 88' lang='lat' dir='ltr'>tanta</span> <span class='ocrx_word' id='word_1_155' title='bbox 1220 2054 1267 2117; x_wconf 90' lang='lat' dir='ltr'>rei</span> <span class='ocrx_word' id='word_1_156' title='bbox 1292 2055 1398 2136; x_wconf 87' lang='lat' dir='ltr'>gravi-</span> 
     </span>
     <span class='ocr_line' id='line_1_19' title="bbox 216 2143 1397 2226; baseline -0.001 -21"><span class='ocrx_word' id='word_1_157' title='bbox 216 2148 284 2205; x_wconf 90' lang='lat' dir='ltr'>tate</span> <span class='ocrx_word' id='word_1_158' title='bbox 307 2149 340 2206; x_wconf 89' lang='lat' dir='ltr'>et</span> <span class='ocrx_word' id='word_1_159' title='bbox 365 2143 427 2206; x_wconf 91' lang='lat' dir='ltr'>Dei</span> <span class='ocrx_word' id='word_1_160' title='bbox 453 2143 556 2226; x_wconf 89' lang='lat' dir='ltr'>gloria</span> <span class='ocrx_word' id='word_1_161' title='bbox 581 2144 643 2207; x_wconf 91' lang='lat' dir='ltr'>huc</span> <span class='ocrx_word' id='word_1_162' title='bbox 667 2144 823 2225; x_wconf 81' lang='lat' dir='ltr'>conferat,</span> <span class='ocrx_word' id='word_1_163' title='bbox 848 2152 885 2208; x_wconf 92' lang='lat' dir='ltr'>ut</span> <span class='ocrx_word' id='word_1_164' title='bbox 910 2145 943 2207; x_wconf 93' lang='lat' dir='ltr'>in</span> <span class='ocrx_word' id='word_1_165' title='bbox 967 2144 1017 2208; x_wconf 95' lang='lat' dir='ltr'>his</span> <span class='ocrx_word' id='word_1_166' title='bbox 1034 2143 1131 2207; x_wconf 89' lang='lat' dir='ltr'>rebus</span> <span class='ocrx_word' id='word_1_167' title='bbox 1147 2145 1250 2207; x_wconf 91' lang='lat' dir='ltr'>omnis</span> <span class='ocrx_word' id='word_1_168' title='bbox 1267 2144 1397 2208; x_wconf 90' lang='lat' dir='ltr'>omnino</span> 
     </span>
     <span class='ocr_line' id='line_1_20' title="bbox 214 2233 1397 2316; baseline 0 -19"><span class='ocrx_word' id='word_1_169' title='bbox 214 2233 336 2297; x_wconf 91' lang='lat' dir='ltr'>abusus</span> <span class='ocrx_word' id='word_1_170' title='bbox 360 2233 520 2298; x_wconf 89' lang='lat' dir='ltr'>radicitus</span> <span class='ocrx_word' id='word_1_171' title='bbox 544 2235 710 2315; x_wconf 86' lang='lat' dir='ltr'>evellatur,</span> <span class='ocrx_word' id='word_1_172' title='bbox 734 2255 813 2299; x_wconf 90' lang='lat' dir='ltr'>neve</span> <span class='ocrx_word' id='word_1_173' title='bbox 837 2234 916 2298; x_wconf 90' lang='lat' dir='ltr'>haec</span> <span class='ocrx_word' id='word_1_174' title='bbox 940 2234 1105 2299; x_wconf 90' lang='lat' dir='ltr'>bullarum</span> <span class='ocrx_word' id='word_1_175' title='bbox 1121 2234 1293 2316; x_wconf 87' lang='lat' dir='ltr'>expeditio,</span> <span class='ocrx_word' id='word_1_176' title='bbox 1311 2234 1397 2316; x_wconf 90' lang='lat' dir='ltr'>quod</span> 
     </span>
     <span class='ocr_line' id='line_1_21' title="bbox 213 2321 1397 2407; baseline 0.003 -22"><span class='ocrx_word' id='word_1_177' title='bbox 213 2321 381 2405; x_wconf 89' lang='lat' dir='ltr'>hucusque</span> <span class='ocrx_word' id='word_1_178' title='bbox 405 2344 468 2387; x_wconf 90' lang='lat' dir='ltr'>non</span> <span class='ocrx_word' id='word_1_179' title='bbox 492 2345 566 2388; x_wconf 87' lang='lat' dir='ltr'>raro</span> <span class='ocrx_word' id='word_1_180' title='bbox 592 2324 716 2389; x_wconf 87' lang='lat' dir='ltr'>factum</span> <span class='ocrx_word' id='word_1_181' title='bbox 740 2330 796 2404; x_wconf 88' lang='lat' dir='ltr'>est,</span> <span class='ocrx_word' id='word_1_182' title='bbox 820 2326 1016 2407; x_wconf 88' lang='lat' dir='ltr'>negligatur,</span> <span class='ocrx_word' id='word_1_183' title='bbox 1044 2331 1103 2389; x_wconf 89' lang='lat' dir='ltr'>aut</span> <span class='ocrx_word' id='word_1_184' title='bbox 1127 2330 1215 2388; x_wconf 90' lang='lat' dir='ltr'>certe</span> <span class='ocrx_word' id='word_1_185' title='bbox 1239 2324 1397 2388; x_wconf 87' lang='lat' dir='ltr'>diuturna</span> 
     </span>
     <span class='ocr_line' id='line_1_22' title="bbox 213 2414 1397 2497; baseline 0.001 -22"><span class='ocrx_word' id='word_1_186' title='bbox 213 2414 507 2494; x_wconf 88' lang='lat' dir='ltr'>procrastinatione</span> <span class='ocrx_word' id='word_1_187' title='bbox 523 2414 644 2497; x_wconf 89' lang='lat' dir='ltr'>negligi</span> <span class='ocrx_word' id='word_1_188' title='bbox 660 2414 820 2495; x_wconf 89' lang='lat' dir='ltr'>videatur,</span> <span class='ocrx_word' id='word_1_189' title='bbox 845 2415 950 2479; x_wconf 88' lang='lat' dir='ltr'>sedin</span> <span class='ocrx_word' id='word_1_190' title='bbox 969 2415 1175 2480; x_wconf 90' lang='lat' dir='ltr'>ecclesiarum</span> <span class='ocrx_word' id='word_1_191' title='bbox 1201 2414 1397 2496; x_wconf 90' lang='lat' dir='ltr'>possessione</span> 
     </span>
     <span class='ocr_line' id='line_1_23' title="bbox 213 2503 1397 2587; baseline 0.001 -23"><span class='ocrx_word' id='word_1_192' title='bbox 213 2508 246 2565; x_wconf 89' lang='lat' dir='ltr'>et</span> <span class='ocrx_word' id='word_1_193' title='bbox 269 2503 554 2569; x_wconf 85' lang='lat' dir='ltr'>administratione</span> <span class='ocrx_word' id='word_1_194' title='bbox 578 2505 736 2587; x_wconf 89' lang='lat' dir='ltr'>capienda</span> <span class='ocrx_word' id='word_1_195' title='bbox 759 2506 787 2568; x_wconf 91' lang='lat' dir='ltr'>is</span> <span class='ocrx_word' id='word_1_196' title='bbox 811 2511 928 2585; x_wconf 90' lang='lat' dir='ltr'>rectus,</span> <span class='ocrx_word' id='word_1_197' title='bbox 953 2511 1062 2569; x_wconf 89' lang='lat' dir='ltr'>certus</span> <span class='ocrx_word' id='word_1_198' title='bbox 1085 2510 1118 2568; x_wconf 92' lang='lat' dir='ltr'>et</span> <span class='ocrx_word' id='word_1_199' title='bbox 1141 2503 1307 2585; x_wconf 88' lang='lat' dir='ltr'>legitimus</span> <span class='ocrx_word' id='word_1_200' title='bbox 1332 2525 1397 2566; x_wconf 93' lang='lat' dir='ltr'>mo-</span> 
     </span>
     <span class='ocr_line' id='line_1_24' title="bbox 213 2591 1396 2678; baseline 0.003 -24"><span class='ocrx_word' id='word_1_201' title='bbox 213 2591 273 2655; x_wconf 88' lang='lat' dir='ltr'>dus</span> <span class='ocrx_word' id='word_1_202' title='bbox 306 2593 513 2675; x_wconf 89' lang='lat' dir='ltr'>adhibeatur,</span> <span class='ocrx_word' id='word_1_203' title='bbox 547 2596 603 2677; x_wconf 87' lang='lat' dir='ltr'>qui</span> <span class='ocrx_word' id='word_1_204' title='bbox 635 2595 678 2660; x_wconf 89' lang='lat' dir='ltr'>ab</span> <span class='ocrx_word' id='word_1_205' title='bbox 712 2595 941 2678; x_wconf 91' lang='lat' dir='ltr'>antiquissimo</span> <span class='ocrx_word' id='word_1_206' title='bbox 974 2602 1117 2678; x_wconf 90' lang='lat' dir='ltr'>tempore</span> <span class='ocrx_word' id='word_1_207' title='bbox 1152 2595 1332 2672; x_wconf 90' lang='lat' dir='ltr'>institutus,</span> <span class='ocrx_word' id='word_1_208' title='bbox 1363 2595 1396 2660; x_wconf 92' lang='lat' dir='ltr'>in</span> 
     </span>
     <span class='ocr_line' id='line_1_25' title="bbox 213 2684 1395 2767; baseline 0.002 -22"><span class='ocrx_word' id='word_1_209' title='bbox 213 2684 363 2747; x_wconf 89' lang='lat' dir='ltr'>universa</span> <span class='ocrx_word' id='word_1_210' title='bbox 387 2684 521 2749; x_wconf 89' lang='lat' dir='ltr'>ecclesia</span> <span class='ocrx_word' id='word_1_211' title='bbox 545 2685 705 2751; x_wconf 90' lang='lat' dir='ltr'>catholica</span> <span class='ocrx_word' id='word_1_212' title='bbox 729 2684 930 2766; x_wconf 88' lang='lat' dir='ltr'>observatur,</span> <span class='ocrx_word' id='word_1_213' title='bbox 965 2685 1050 2767; x_wconf 87' lang='lat' dir='ltr'>quod</span> <span class='ocrx_word' id='word_1_214' title='bbox 1077 2705 1154 2748; x_wconf 89' lang='lat' dir='ltr'>sane</span> <span class='ocrx_word' id='word_1_215' title='bbox 1178 2686 1251 2767; x_wconf 87' lang='lat' dir='ltr'>jure</span> <span class='ocrx_word' id='word_1_216' title='bbox 1274 2684 1395 2767; x_wconf 90' lang='lat' dir='ltr'>optimo</span> 
     </span>
     <span class='ocr_line' id='line_1_26' title="bbox 212 2770 1395 2854; baseline 0.003 -20"><span class='ocrx_word' id='word_1_217' title='bbox 212 2770 257 2852; x_wconf 91' lang='lat' dir='ltr'>fit,</span> <span class='ocrx_word' id='word_1_218' title='bbox 292 2779 324 2836; x_wconf 90' lang='lat' dir='ltr'>et</span> <span class='ocrx_word' id='word_1_219' title='bbox 348 2773 535 2839; x_wconf 85' lang='lat' dir='ltr'>faciendum</span> <span class='ocrx_word' id='word_1_220' title='bbox 559 2781 608 2840; x_wconf 91' lang='lat' dir='ltr'>est</span> <span class='ocrx_word' id='word_1_221' title='bbox 632 2775 674 2839; x_wconf 88' lang='lat' dir='ltr'>ab</span> <span class='ocrx_word' id='word_1_222' title='bbox 698 2776 855 2854; x_wconf 93' lang='lat' dir='ltr'>omnibus,</span> <span class='ocrx_word' id='word_1_223' title='bbox 890 2797 964 2840; x_wconf 88' lang='lat' dir='ltr'>cum</span> <span class='ocrx_word' id='word_1_224' title='bbox 997 2776 1037 2840; x_wconf 95' lang='lat' dir='ltr'>ob</span> <span class='ocrx_word' id='word_1_225' title='bbox 1071 2795 1142 2838; x_wconf 89' lang='lat' dir='ltr'>eam</span> <span class='ocrx_word' id='word_1_226' title='bbox 1166 2775 1395 2854; x_wconf 89' lang='lat' dir='ltr'>obedientiam,</span> 
     </span>
     <span class='ocr_line' id='line_1_27' title="bbox 212 2863 1395 2948; baseline 0.003 -24"><span class='ocrx_word' id='word_1_227' title='bbox 212 2883 295 2942; x_wconf 86' lang='lat' dir='ltr'>quae</span> <span class='ocrx_word' id='word_1_228' title='bbox 318 2863 395 2927; x_wconf 89' lang='lat' dir='ltr'>huic</span> <span class='ocrx_word' id='word_1_229' title='bbox 419 2871 550 2928; x_wconf 89' lang='lat' dir='ltr'>sanctae</span> <span class='ocrx_word' id='word_1_230' title='bbox 575 2866 769 2948; x_wconf 88' lang='lat' dir='ltr'>apostolicae</span> <span class='ocrx_word' id='word_1_231' title='bbox 795 2866 862 2930; x_wconf 91' lang='lat' dir='ltr'>sedi</span> <span class='ocrx_word' id='word_1_232' title='bbox 892 2867 1038 2945; x_wconf 91' lang='lat' dir='ltr'>debetur,</span> <span class='ocrx_word' id='word_1_233' title='bbox 1073 2870 1142 2929; x_wconf 91' lang='lat' dir='ltr'>tum</span> <span class='ocrx_word' id='word_1_234' title='bbox 1167 2865 1208 2928; x_wconf 91' lang='lat' dir='ltr'>ob</span> <span class='ocrx_word' id='word_1_235' title='bbox 1233 2865 1395 2928; x_wconf 88' lang='lat' dir='ltr'>couscien-</span> 
     </span>
     <span class='ocr_line' id='line_1_28' title="bbox 212 2951 1395 3038; baseline 0.003 -25"><span class='ocrx_word' id='word_1_236' title='bbox 212 2951 277 3016; x_wconf 87' lang='lat' dir='ltr'>tiae</span> <span class='ocrx_word' id='word_1_237' title='bbox 310 2954 520 3018; x_wconf 85' lang='lat' dir='ltr'>securitatem</span> <span class='ocrx_word' id='word_1_238' title='bbox 553 2961 586 3018; x_wconf 90' lang='lat' dir='ltr'>et</span> <span class='ocrx_word' id='word_1_239' title='bbox 618 2954 894 3038; x_wconf 87' lang='lat' dir='ltr'>tranquillitatem</span> <span class='ocrx_word' id='word_1_240' title='bbox 928 2976 1048 3033; x_wconf 90' lang='lat' dir='ltr'>eorum,</span> <span class='ocrx_word' id='word_1_241' title='bbox 1081 2956 1137 3038; x_wconf 91' lang='lat' dir='ltr'>qui</span> <span class='ocrx_word' id='word_1_242' title='bbox 1171 2955 1211 3018; x_wconf 87' lang='lat' dir='ltr'>ad</span> <span class='ocrx_word' id='word_1_243' title='bbox 1246 2954 1395 3018; x_wconf 89' lang='lat' dir='ltr'>ecclesias</span> 
     </span>
     <span class='ocr_line' id='line_1_29' title="bbox 212 3043 1394 3128; baseline 0.003 -23"><span class='ocrx_word' id='word_1_244' title='bbox 212 3050 451 3124; x_wconf 88' lang='lat' dir='ltr'>promoventur.</span> <span class='ocrx_word' id='word_1_245' title='bbox 476 3043 590 3126; x_wconf 85' lang='lat' dir='ltr'>Atque</span> <span class='ocrx_word' id='word_1_246' title='bbox 614 3045 673 3109; x_wconf 91' lang='lat' dir='ltr'>hoc</span> <span class='ocrx_word' id='word_1_247' title='bbox 699 3045 830 3128; x_wconf 90' lang='lat' dir='ltr'>quidem</span> <span class='ocrx_word' id='word_1_248' title='bbox 855 3046 894 3108; x_wconf 88' lang='lat' dir='ltr'>de</span> <span class='ocrx_word' id='word_1_249' title='bbox 919 3046 1061 3110; x_wconf 89' lang='lat' dir='ltr'>ecclesiis</span> <span class='ocrx_word' id='word_1_250' title='bbox 1084 3043 1177 3126; x_wconf 86' lang='lat' dir='ltr'>regni</span> <span class='ocrx_word' id='word_1_251' title='bbox 1201 3044 1394 3127; x_wconf 90' lang='lat' dir='ltr'>Hungariae</span> 
     </span>
     <span class='ocr_line' id='line_1_30' title="bbox 211 3133 1395 3218; baseline 0.003 -23"><span class='ocrx_word' id='word_1_252' title='bbox 211 3133 331 3214; x_wconf 87' lang='lat' dir='ltr'>provisi</span> <span class='ocrx_word' id='word_1_253' title='bbox 364 3139 458 3198; x_wconf 87' lang='lat' dir='ltr'>tanto</span> <span class='ocrx_word' id='word_1_254' title='bbox 491 3135 628 3199; x_wconf 88' lang='lat' dir='ltr'>caeteris</span> <span class='ocrx_word' id='word_1_255' title='bbox 660 3141 827 3218; x_wconf 86' lang='lat' dir='ltr'>praestare</span> <span class='ocrx_word' id='word_1_256' title='bbox 856 3135 985 3216; x_wconf 89' lang='lat' dir='ltr'>debent,</span> <span class='ocrx_word' id='word_1_257' title='bbox 1009 3155 1073 3217; x_wconf 92' lang='lat' dir='ltr'>quo</span> <span class='ocrx_word' id='word_1_258' title='bbox 1096 3135 1252 3217; x_wconf 85' lang='lat' dir='ltr'>majorem</span> <span class='ocrx_word' id='word_1_259' title='bbox 1276 3136 1395 3199; x_wconf 88' lang='lat' dir='ltr'>sancti-</span> 
     </span>
     <span class='ocr_line' id='line_1_31' title="bbox 211 3223 1395 3308; baseline 0.002 -22"><span class='ocrx_word' id='word_1_260' title='bbox 211 3223 290 3288; x_wconf 89' lang='lat' dir='ltr'>tatis</span> <span class='ocrx_word' id='word_1_261' title='bbox 313 3245 391 3288; x_wconf 88' lang='lat' dir='ltr'>suae</span> <span class='ocrx_word' id='word_1_262' title='bbox 407 3230 441 3288; x_wconf 91' lang='lat' dir='ltr'>et</span> <span class='ocrx_word' id='word_1_263' title='bbox 456 3225 540 3289; x_wconf 88' lang='lat' dir='ltr'>sacri</span> <span class='ocrx_word' id='word_1_264' title='bbox 560 3225 686 3308; x_wconf 89' lang='lat' dir='ltr'>collegii</span> <span class='ocrx_word' id='word_1_265' title='bbox 705 3224 943 3308; x_wconf 90' lang='lat' dir='ltr'>benignitatem</span> <span class='ocrx_word' id='word_1_266' title='bbox 959 3231 992 3289; x_wconf 90' lang='lat' dir='ltr'>et</span> <span class='ocrx_word' id='word_1_267' title='bbox 1007 3225 1209 3304; x_wconf 82' lang='lat' dir='ltr'>facilitatem,</span> <span class='ocrx_word' id='word_1_268' title='bbox 1229 3225 1262 3288; x_wconf 92' lang='lat' dir='ltr'>in</span> <span class='ocrx_word' id='word_1_269' title='bbox 1282 3226 1395 3289; x_wconf 89' lang='lat' dir='ltr'>remit-</span> 
     </span>
     <span class='ocr_line' id='line_1_32' title="bbox 211 3313 1394 3398; baseline 0.001 -21"><span class='ocrx_word' id='word_1_270' title='bbox 211 3313 318 3377; x_wconf 89' lang='lat' dir='ltr'>tendis</span> <span class='ocrx_word' id='word_1_271' title='bbox 335 3321 368 3378; x_wconf 93' lang='lat' dir='ltr'>et</span> <span class='ocrx_word' id='word_1_272' title='bbox 384 3315 605 3379; x_wconf 91' lang='lat' dir='ltr'>condonandis</span> <span class='ocrx_word' id='word_1_273' title='bbox 620 3316 749 3398; x_wconf 84' lang='lat' dir='ltr'>juribus</span> <span class='ocrx_word' id='word_1_274' title='bbox 773 3315 893 3381; x_wconf 90' lang='lat' dir='ltr'>debitis</span> <span class='ocrx_word' id='word_1_275' title='bbox 918 3315 1064 3397; x_wconf 87' lang='lat' dir='ltr'>quotidie</span> <span class='ocrx_word' id='word_1_276' title='bbox 1088 3314 1312 3398; x_wconf 88' lang='lat' dir='ltr'>experiuntur,</span> <span class='ocrx_word' id='word_1_277' title='bbox 1329 3337 1394 3396; x_wconf 90' lang='lat' dir='ltr'>qua</span> 
     </span>
     <span class='ocr_line' id='line_1_33' title="bbox 210 3402 1394 3488; baseline 0.002 -23"><span class='ocrx_word' id='word_1_278' title='bbox 210 3402 243 3466; x_wconf 88' lang='lat' dir='ltr'>in</span> <span class='ocrx_word' id='word_1_279' title='bbox 268 3424 304 3467; x_wconf 90' lang='lat' dir='ltr'>re</span> <span class='ocrx_word' id='word_1_280' title='bbox 327 3405 509 3488; x_wconf 84' lang='lat' dir='ltr'>majestatis</span> <span class='ocrx_word' id='word_1_281' title='bbox 533 3413 659 3471; x_wconf 89' lang='lat' dir='ltr'>vestrae</span> <span class='ocrx_word' id='word_1_282' title='bbox 692 3405 928 3471; x_wconf 89' lang='lat' dir='ltr'>commendatio</span> <span class='ocrx_word' id='word_1_283' title='bbox 953 3412 985 3470; x_wconf 90' lang='lat' dir='ltr'>et</span> <span class='ocrx_word' id='word_1_284' title='bbox 1009 3407 1190 3470; x_wconf 90' lang='lat' dir='ltr'>auctoritas</span> <span class='ocrx_word' id='word_1_285' title='bbox 1215 3405 1394 3486; x_wconf 90' lang='lat' dir='ltr'>plurimum</span> 
     </span>
     <span class='ocr_line' id='line_1_34' title="bbox 210 3493 1393 3578; baseline 0.001 -22"><span class='ocrx_word' id='word_1_286' title='bbox 210 3493 304 3558; x_wconf 89' lang='lat' dir='ltr'>valet.</span> <span class='ocrx_word' id='word_1_287' title='bbox 328 3494 398 3558; x_wconf 90' lang='lat' dir='ltr'>Neo</span> <span class='ocrx_word' id='word_1_288' title='bbox 423 3501 532 3560; x_wconf 88' lang='lat' dir='ltr'>tamen</span> <span class='ocrx_word' id='word_1_289' title='bbox 555 3497 729 3561; x_wconf 92' lang='lat' dir='ltr'>obscurum</span> <span class='ocrx_word' id='word_1_290' title='bbox 754 3503 810 3577; x_wconf 91' lang='lat' dir='ltr'>est,</span> <span class='ocrx_word' id='word_1_291' title='bbox 835 3496 942 3561; x_wconf 88' lang='lat' dir='ltr'>adhuc</span> <span class='ocrx_word' id='word_1_292' title='bbox 965 3495 1077 3578; x_wconf 88' lang='lat' dir='ltr'>aliqua</span> <span class='ocrx_word' id='word_1_293' title='bbox 1101 3516 1140 3558; x_wconf 90' lang='lat' dir='ltr'>ex</span> <span class='ocrx_word' id='word_1_294' title='bbox 1164 3495 1228 3558; x_wconf 91' lang='lat' dir='ltr'>illis</span> <span class='ocrx_word' id='word_1_295' title='bbox 1252 3494 1393 3558; x_wconf 89' lang='lat' dir='ltr'>ecclesiis</span> 
     </span>
     <span class='ocr_line' id='line_1_35' title="bbox 210 3583 1391 3670; baseline 0.001 -24"><span class='ocrx_word' id='word_1_296' title='bbox 210 3583 336 3648; x_wconf 82' lang='lat' dir='ltr'>fructus</span> <span class='ocrx_word' id='word_1_297' title='bbox 361 3606 398 3648; x_wconf 91' lang='lat' dir='ltr'>ac</span> <span class='ocrx_word' id='word_1_298' title='bbox 422 3587 548 3650; x_wconf 92' lang='lat' dir='ltr'>reditus</span> <span class='ocrx_word' id='word_1_299' title='bbox 571 3586 651 3651; x_wconf 90' lang='lat' dir='ltr'>satis</span> <span class='ocrx_word' id='word_1_300' title='bbox 675 3607 835 3670; x_wconf 87' lang='lat' dir='ltr'>congruos</span> <span class='ocrx_word' id='word_1_301' title='bbox 853 3592 885 3650; x_wconf 93' lang='lat' dir='ltr'>et</span> <span class='ocrx_word' id='word_1_302' title='bbox 901 3586 1052 3651; x_wconf 89' lang='lat' dir='ltr'>decentes</span> <span class='ocrx_word' id='word_1_303' title='bbox 1068 3585 1197 3650; x_wconf 92' lang='lat' dir='ltr'>habere.</span> <span class='ocrx_word' id='word_1_304' title='bbox 1222 3584 1391 3648; x_wconf 87' lang='lat' dir='ltr'>Nominati</span> 
     </span>
     <span class='ocr_line' id='line_1_36' title="bbox 208 3673 1392 3760; baseline 0.002 -25"><span class='ocrx_word' id='word_1_305' title='bbox 208 3673 311 3755; x_wconf 90' lang='lat' dir='ltr'>igitur</span> <span class='ocrx_word' id='word_1_306' title='bbox 344 3681 376 3739; x_wconf 94' lang='lat' dir='ltr'>et</span> <span class='ocrx_word' id='word_1_307' title='bbox 408 3678 610 3758; x_wconf 88' lang='lat' dir='ltr'>praesentati</span> <span class='ocrx_word' id='word_1_308' title='bbox 633 3699 653 3740; x_wconf 91' lang='lat' dir='ltr'>a</span> <span class='ocrx_word' id='word_1_309' title='bbox 676 3679 848 3760; x_wconf 87' lang='lat' dir='ltr'>majestate</span> <span class='ocrx_word' id='word_1_310' title='bbox 881 3682 998 3758; x_wconf 91' lang='lat' dir='ltr'>vestra,</span> <span class='ocrx_word' id='word_1_311' title='bbox 1031 3677 1058 3740; x_wconf 93' lang='lat' dir='ltr'>si</span> <span class='ocrx_word' id='word_1_312' title='bbox 1090 3682 1162 3760; x_wconf 91' lang='lat' dir='ltr'>post</span> <span class='ocrx_word' id='word_1_313' title='bbox 1195 3675 1392 3759; x_wconf 90' lang='lat' dir='ltr'>provisiones</span> 
     </span>
     <span class='ocr_line' id='line_1_37' title="bbox 208 3764 1393 3851; baseline 0.002 -25"><span class='ocrx_word' id='word_1_314' title='bbox 208 3764 249 3826; x_wconf 89' lang='lat' dir='ltr'>ad</span> <span class='ocrx_word' id='word_1_315' title='bbox 275 3765 343 3847; x_wconf 85' lang='lat' dir='ltr'>ejus</span> <span class='ocrx_word' id='word_1_316' title='bbox 367 3767 622 3832; x_wconf 89' lang='lat' dir='ltr'>nominationem</span> <span class='ocrx_word' id='word_1_317' title='bbox 646 3773 679 3831; x_wconf 88' lang='lat' dir='ltr'>et</span> <span class='ocrx_word' id='word_1_318' title='bbox 702 3768 997 3851; x_wconf 88' lang='lat' dir='ltr'>praesentationem</span> <span class='ocrx_word' id='word_1_319' title='bbox 1017 3767 1050 3830; x_wconf 91' lang='lat' dir='ltr'>in</span> <span class='ocrx_word' id='word_1_320' title='bbox 1070 3766 1260 3831; x_wconf 89' lang='lat' dir='ltr'>consistorio</span> <span class='ocrx_word' id='word_1_321' title='bbox 1277 3766 1393 3844; x_wconf 82' lang='lat' dir='ltr'>factae,</span> 
     </span>
     <span class='ocr_line' id='line_1_38' title="bbox 207 3857 1392 3941; baseline 0.003 -25"><span class='ocrx_word' id='word_1_322' title='bbox 207 3861 318 3937; x_wconf 89' lang='lat' dir='ltr'>partes</span> <span class='ocrx_word' id='word_1_323' title='bbox 341 3878 415 3922; x_wconf 89' lang='lat' dir='ltr'>suas</span> <span class='ocrx_word' id='word_1_324' title='bbox 439 3857 473 3920; x_wconf 90' lang='lat' dir='ltr'>iu</span> <span class='ocrx_word' id='word_1_325' title='bbox 497 3858 557 3922; x_wconf 93' lang='lat' dir='ltr'>hoc</span> <span class='ocrx_word' id='word_1_326' title='bbox 582 3879 711 3941; x_wconf 89' lang='lat' dir='ltr'>quoque</span> <span class='ocrx_word' id='word_1_327' title='bbox 735 3858 846 3922; x_wconf 90' lang='lat' dir='ltr'>sedulo</span> <span class='ocrx_word' id='word_1_328' title='bbox 870 3857 1085 3940; x_wconf 87' lang='lat' dir='ltr'>impleverint,</span> <span class='ocrx_word' id='word_1_329' title='bbox 1119 3862 1157 3920; x_wconf 94' lang='lat' dir='ltr'>ut</span> <span class='ocrx_word' id='word_1_330' title='bbox 1181 3857 1293 3920; x_wconf 87' lang='lat' dir='ltr'>literas</span> <span class='ocrx_word' id='word_1_331' title='bbox 1316 3877 1392 3937; x_wconf 88' lang='lat' dir='ltr'>apo·</span> 
     </span>
     <span class='ocr_line' id='line_1_39' title="bbox 207 3945 1392 4031; baseline 0.002 -23"><span class='ocrx_word' id='word_1_332' title='bbox 207 3945 337 4008; x_wconf 88' lang='lat' dir='ltr'>stolicas</span> <span class='ocrx_word' id='word_1_333' title='bbox 361 3952 394 4010; x_wconf 91' lang='lat' dir='ltr'>et</span> <span class='ocrx_word' id='word_1_334' title='bbox 417 3947 524 4012; x_wconf 88' lang='lat' dir='ltr'>bullas</span> <span class='ocrx_word' id='word_1_335' title='bbox 548 3948 694 4031; x_wconf 88' lang='lat' dir='ltr'>expediri</span> <span class='ocrx_word' id='word_1_336' title='bbox 718 3954 842 4029; x_wconf 91' lang='lat' dir='ltr'>curent,</span> <span class='ocrx_word' id='word_1_337' title='bbox 874 3948 1104 4030; x_wconf 90' lang='lat' dir='ltr'>possessionem</span> <span class='ocrx_word' id='word_1_338' title='bbox 1127 3946 1274 4028; x_wconf 91' lang='lat' dir='ltr'>legitimo</span> <span class='ocrx_word' id='word_1_339' title='bbox 1298 3947 1392 4010; x_wconf 89' lang='lat' dir='ltr'>modo</span> 
     </span>
     <span class='ocr_line' id='line_1_40' title="bbox 207 4035 1392 4121; baseline 0.002 -23"><span class='ocrx_word' id='word_1_340' title='bbox 207 4035 433 4118; x_wconf 88' lang='lat' dir='ltr'>adipiscantur</span> <span class='ocrx_word' id='word_1_341' title='bbox 467 4045 499 4102; x_wconf 91' lang='lat' dir='ltr'>et</span> <span class='ocrx_word' id='word_1_342' title='bbox 536 4037 748 4121; x_wconf 88' lang='lat' dir='ltr'>episcopalem</span> <span class='ocrx_word' id='word_1_343' title='bbox 788 4039 1062 4103; x_wconf 90' lang='lat' dir='ltr'>consecrationem</span> <span class='ocrx_word' id='word_1_344' title='bbox 1102 4037 1165 4102; x_wconf 89' lang='lat' dir='ltr'>rite</span> <span class='ocrx_word' id='word_1_345' title='bbox 1204 4036 1392 4118; x_wconf 87' lang='lat' dir='ltr'>suscipiant,</span> 
     </span>
     <span class='ocr_line' id='line_1_41' title="bbox 206 4125 1390 4211; baseline 0.002 -24"><span class='ocrx_word' id='word_1_346' title='bbox 206 4125 351 4208; x_wconf 85' lang='lat' dir='ltr'>profecto</span> <span class='ocrx_word' id='word_1_347' title='bbox 375 4129 578 4193; x_wconf 90' lang='lat' dir='ltr'>abonorum</span> <span class='ocrx_word' id='word_1_348' title='bbox 610 4128 754 4192; x_wconf 93' lang='lat' dir='ltr'>omnium</span> <span class='ocrx_word' id='word_1_349' title='bbox 787 4134 920 4193; x_wconf 89' lang='lat' dir='ltr'>auctore</span> <span class='ocrx_word' id='word_1_350' title='bbox 953 4127 1023 4192; x_wconf 92' lang='lat' dir='ltr'>Deo</span> <span class='ocrx_word' id='word_1_351' title='bbox 1047 4127 1206 4211; x_wconf 84' lang='lat' dir='ltr'>copiosius</span> <span class='ocrx_word' id='word_1_352' title='bbox 1230 4127 1390 4192; x_wconf 88' lang='lat' dir='ltr'>auxilium</span> 
     </span>
     <span class='ocr_line' id='line_1_42' title="bbox 207 4215 1391 4302; baseline 0.001 -24"><span class='ocrx_word' id='word_1_353' title='bbox 207 4221 239 4279; x_wconf 90' lang='lat' dir='ltr'>et</span> <span class='ocrx_word' id='word_1_354' title='bbox 263 4215 446 4281; x_wconf 90' lang='lat' dir='ltr'>uberiorem</span> <span class='ocrx_word' id='word_1_355' title='bbox 479 4219 621 4301; x_wconf 86' lang='lat' dir='ltr'>gratiam</span> <span class='ocrx_word' id='word_1_356' title='bbox 654 4223 825 4302; x_wconf 86' lang='lat' dir='ltr'>expectare</span> <span class='ocrx_word' id='word_1_357' title='bbox 857 4223 1022 4300; x_wconf 89' lang='lat' dir='ltr'>poterunt,</span> <span class='ocrx_word' id='word_1_358' title='bbox 1054 4218 1087 4282; x_wconf 91' lang='lat' dir='ltr'>in</span> <span class='ocrx_word' id='word_1_359' title='bbox 1113 4237 1224 4282; x_wconf 91' lang='lat' dir='ltr'>eorum</span> <span class='ocrx_word' id='word_1_360' title='bbox 1249 4217 1391 4280; x_wconf 88' lang='lat' dir='ltr'>ecclesiis</span> 
     </span>
     <span class='ocr_line' id='line_1_43' title="bbox 206 4306 1390 4391; baseline 0 -23"><span class='ocrx_word' id='word_1_361' title='bbox 206 4306 356 4388; x_wconf 90' lang='lat' dir='ltr'>regendis</span> <span class='ocrx_word' id='word_1_362' title='bbox 379 4313 412 4371; x_wconf 91' lang='lat' dir='ltr'>et</span> <span class='ocrx_word' id='word_1_363' title='bbox 436 4309 579 4373; x_wconf 89' lang='lat' dir='ltr'>consiliis</span> <span class='ocrx_word' id='word_1_364' title='bbox 602 4309 767 4390; x_wconf 85' lang='lat' dir='ltr'>majestati</span> <span class='ocrx_word' id='word_1_365' title='bbox 792 4314 918 4373; x_wconf 89' lang='lat' dir='ltr'>vestrae</span> <span class='ocrx_word' id='word_1_366' title='bbox 950 4307 1154 4391; x_wconf 89' lang='lat' dir='ltr'>praebendis,</span> <span class='ocrx_word' id='word_1_367' title='bbox 1188 4307 1390 4388; x_wconf 89' lang='lat' dir='ltr'>caeterisque</span> 
     </span>
     <span class='ocr_line' id='line_1_44' title="bbox 206 4397 1391 4481; baseline 0.002 -23"><span class='ocrx_word' id='word_1_368' title='bbox 206 4397 344 4478; x_wconf 88' lang='lat' dir='ltr'>negotiis</span> <span class='ocrx_word' id='word_1_369' title='bbox 369 4399 551 4464; x_wconf 86' lang='lat' dir='ltr'>tractandis</span> <span class='ocrx_word' id='word_1_370' title='bbox 567 4403 600 4461; x_wconf 90' lang='lat' dir='ltr'>et</span> <span class='ocrx_word' id='word_1_371' title='bbox 618 4399 776 4480; x_wconf 88' lang='lat' dir='ltr'>gerendis,</span> <span class='ocrx_word' id='word_1_372' title='bbox 796 4419 879 4481; x_wconf 87' lang='lat' dir='ltr'>quae</span> <span class='ocrx_word' id='word_1_373' title='bbox 898 4398 939 4462; x_wconf 88' lang='lat' dir='ltr'>ad</span> <span class='ocrx_word' id='word_1_374' title='bbox 963 4398 1040 4462; x_wconf 91' lang='lat' dir='ltr'>fidei</span> <span class='ocrx_word' id='word_1_375' title='bbox 1064 4397 1242 4462; x_wconf 90' lang='lat' dir='ltr'>catholicae</span> <span class='ocrx_word' id='word_1_376' title='bbox 1260 4418 1391 4460; x_wconf 89' lang='lat' dir='ltr'>causam</span> 
     </span>
     <span class='ocr_line' id='line_1_45' title="bbox 206 4486 1390 4572; baseline -0.001 -23"><span class='ocrx_word' id='word_1_377' title='bbox 206 4486 324 4550; x_wconf 88' lang='lat' dir='ltr'>aliasve</span> <span class='ocrx_word' id='word_1_378' title='bbox 348 4490 439 4571; x_wconf 90' lang='lat' dir='ltr'>regni</span> <span class='ocrx_word' id='word_1_379' title='bbox 463 4491 551 4554; x_wconf 92' lang='lat' dir='ltr'>illius</span> <span class='ocrx_word' id='word_1_380' title='bbox 575 4488 736 4554; x_wconf 91' lang='lat' dir='ltr'>utilitates</span> <span class='ocrx_word' id='word_1_381' title='bbox 770 4489 945 4572; x_wconf 90' lang='lat' dir='ltr'>pertinent.</span> <span class='ocrx_word' id='word_1_382' title='bbox 979 4486 1044 4571; x_wconf 79' lang='lat' dir='ltr'>Qui</span> <span class='ocrx_word' id='word_1_383' title='bbox 1069 4509 1143 4552; x_wconf 87' lang='lat' dir='ltr'>vero</span> <span class='ocrx_word' id='word_1_384' title='bbox 1171 4488 1237 4570; x_wconf 89' lang='lat' dir='ltr'>jam</span> <span class='ocrx_word' id='word_1_385' title='bbox 1262 4493 1390 4568; x_wconf 92' lang='lat' dir='ltr'>tempus</span> 
     </span>
     <span class='ocr_line' id='line_1_46' title="bbox 205 4576 1389 4664; baseline 0.001 -25"><span class='ocrx_word' id='word_1_386' title='bbox 205 4576 414 4660; x_wconf 89' lang='lat' dir='ltr'>praefinitum</span> <span class='ocrx_word' id='word_1_387' title='bbox 447 4580 681 4664; x_wconf 90' lang='lat' dir='ltr'>praetergressi</span> <span class='ocrx_word' id='word_1_388' title='bbox 713 4585 798 4660; x_wconf 90' lang='lat' dir='ltr'>sunt,</span> <span class='ocrx_word' id='word_1_389' title='bbox 833 4585 871 4642; x_wconf 92' lang='lat' dir='ltr'>ut</span> <span class='ocrx_word' id='word_1_390' title='bbox 900 4579 1105 4644; x_wconf 86' lang='lat' dir='ltr'>conscientiis</span> <span class='ocrx_word' id='word_1_391' title='bbox 1129 4578 1195 4642; x_wconf 89' lang='lat' dir='ltr'>suis</span> <span class='ocrx_word' id='word_1_392' title='bbox 1221 4583 1253 4641; x_wconf 90' lang='lat' dir='ltr'>et</span> <span class='ocrx_word' id='word_1_393' title='bbox 1277 4597 1389 4640; x_wconf 89' lang='lat' dir='ltr'>earum</span> 
     </span>
    </p>
   </div>
   <div class='ocr_carea' id='block_1_3' title="bbox 1252 4704 1282 4753">
    <p class='ocr_par' dir='ltr' id='par_1_3' title="bbox 1252 4704 1282 4753">
     <span class='ocr_line' id='line_1_47' title="bbox 1252 4704 1282 4753; baseline 0 -17"><span class='ocrx_word' id='word_1_394' title='bbox 1252 4704 1282 4753; x_wconf 65' lang='grc'>9*</span> 
     </span>
    </p>
   </div>
   <div class='ocr_carea' id='block_1_4' title="bbox 0 0 1734 5492">
    <p class='ocr_par' dir='ltr' id='par_1_4' title="bbox 0 0 1734 5492">
     <span class='ocr_line' id='line_1_48' title="bbox 0 0 1734 5492; baseline 0 5"><span class='ocrx_word' id='word_1_395' title='bbox 0 0 1734 5492; x_wconf 95' lang='lat' dir='ltr'> </span> 
     </span>
    </p>
   </div>
  </div>
 </body>
</html>
