3472 5494
300 433 365 493 268
760 445 761 448 ’
797 440 985 493 οιιιιιιιιιιιι
1016 468 1019 476 ·

298 625 485 705 adoluisset,
509 626 575 690 sive
593 626 727 708 propria
744 615 906 710 regnandi
920 625 1057 689 libidine
1075 626 1243 699 invitatus,
1260 627 1326 692 sive
1342 647 1361 690 a
1378 626 1483 690 Tran-

300 715 442 797 sylvanis
466 737 523 780 suo
556 715 626 800 regi
659 715 820 780 rebellant
822 714 928 779 ibus
919 716 1022 778 invita
1024 721 1078 779 tus
1024 715 1191 780 toblat
1177 721 1246 780 tam
1269 717 1331 780 sibi
1354 717 1484 800 provin·

298 805 383 868 ciam
416 805 594 890 occupavit,
627 810 660 869 et
692 805 733 868 ad
766 825 838 868 eam
870 805 1131 888 conservandam,
1163 810 1319 890 paternae
1343 812 1484 870 sectator

297 893 486 958 ambitionis
509 894 728 977 perfidiaeque
756 894 816 958 hoc
839 895 981 976 primum
1004 893 1180 964 habuit.u
1182 887 1306 960 tillico
1329 895 1450 960 adtut

300 984 365 1046 lam
390 982 548 1048 Solimani
566 985 763 1068 confugeret
786 990 862 1069 cont
863 1005 901 1048 ra
924 1005 1033 1068 regem
1049 982 1216 1066 Ungariae
1232 985 1355 1049 auxilia
1371 903 1484 1090 implo-

298 1080 432 1138 rausct
456 1075 485 1137 ei
510 1075 631 1138 accidit
617 1079 771 1158 ttoppor
773 1095 845 1152 une,
869 1079 908 1136 ut
932 1093 968 1137 eo
992 1080 1139 1158 ternpore
1158 1072 1343 1140 Solimanus
1368 1075 1483 1140 misere

297 1185 353 1227 vas
356 1168 443 1227 taret
476 1163 667 1245 Ungariam.
707 1163 788 1226 Elius
822 1183 898 1244 ergo
931 1165 1117 1316 praesentia
1149 1170 1285 1243 erectus,
1319 1170 1353 1228 et
1385 1165 1484 1252 copiis

300 1253 516 1318 auxiliaribus
555 1259 679 1332 ιιιιιιιι,
718 1275 782 1316 non
823 1253 925 1316 solum
957 1259 1008 1316 ret
1010 1251 1096 1316 inuit
1121 1253 1400 1336 Transylvaniam,
1429 1255 1483 1318 sed

297 1342 398 1406 etiam
421 1342 498 1407 inde
522 1344 608 1408 bella
633 1349 748 1407 contra
771 1341 1036 1406 Maximilianum
1062 1341 1109 1407 ΙΙ.
1134 1343 1241 1424 gessit,
1274 1365 1372 1408 ausus
1395 1345 1484 1408 insu-

299 1453 357 1513 per
389 1431 440 1495 uti
472 1439 567 1515 pater
599 1454 750 1498 coronam
783 1432 950 1514 Ungariae
983 1430 1117 1508 ambire,
1147 1432 1232 1516 quod
1264 1423 1396 1516 quidem
1420 1456 1483 1498 non

297 1528 348 1585 est
372 1529 573 1586 consecutus.
614 1521 884 1624 Transylvaniam
909 1522 1071 1586 certetab
1105 1520 1257 1604 Ungaria
1288 1523 1394 1586 altera
1418 1523 1485 1588 vice

298 1611 374 1676 abst
361 1611 472 1692 traxit
497 1619 531 1675 et
550 1633 627 1676 suae
651 1611 807 1675 dominat'
784 1611 882 1674 tronis
914 1609 1029 1690 effecit,
1007 1617 1137 1674 tcum
1157 1611 1305 1676 ancicis
1328 1613 1427 1676 armis
1451 1621 1484 1677 et

300 1701 457 1765 viribus'
447 1660 481 1764 rh
505 1701 742 1784 praeiudicium
767 1699 996 1780 Maximiliani,
1020 1660 1151 1764 tametsi
1170 1702 1257 1783 quod
1274 1702 1347 1784 quis
1362 1702 1484 1766 invitus

299 1790 370 1873 pati
372 1796 436 1870 tur,
461 1791 530 1854 eius
553 1790 754 1875 praejudicio
779 1811 847 1854 esse
871 1812 936 1854 non
960 1781 1149 1870 debeat,t
1110 1796 1149 1854 ut
1173 1791 1279 1873 loquit
1266 1789 1376 1856 t.urS
1400 1789 1485 1856 Gre-

299 1880 410 1962 gorius
433 1881 517 1944 relat
503 1886 557 1945 tus
581 1902 648 1963 arg
671 1900 742 1944 can
766 1883 795 1944 4.
820 1879 861 1943 ad
886 1881 955 1944 eius
978 1899 1053 1943 vero
1077 1839 1151 1944 dist.
1178 1883 1206 1944 5.

410 1973 460 2034 15.
486 1969 634 2034 Tertiam
658 1970 884 2036 discessionem
908 1969 948 2034 ab
973 1968 1125 2052 Ungaria
1148 1969 1254 2034 iecere
1268 1947 1485 2054 Transylvani

299 2080 385 2122 anno
421 2063 515 2146 1571.
549 2081 631 2124 nova
663 2061 784 2124 iterum
818 2059 993 2124 rebellione
1029 2059 1099 2122 exci
1101 2066 1181 2135 tata,
1222 2061 1366 2125 extincto
1398 2061 1484 2124 enim

298 2149 440 2213 ¹loannis
472 2149 539 2214 filio
572 2171 719 2232 proceres
752 2148 1048 2231 Transylvaniae
1039 2149 1179 2232 rnquieti
1153 2149 1354 2214 tTurcica
1387 2150 1485 2215 fracti

300 2239 486 2303 assistentia
519 2240 581 2322 ipsi
614 2240 677 2304 sibi
709 2239 909 2303 constituere
931 2238 1111 2325 principem
1135 2237 1338 2321 Stephanum
1362 2239 1485 2304 Batho-

297 2330 384 2395 rium
419 2324 490 2410 (qui
523 2334 634 2410 postea
658 2350 715 2392 rex
739 2328 893 2393 Poloniae
916 2324 996 2409 fuit)
1029 2329 1114 2392 hanc
1139 2329 1271 2411 quidem
1294 2329 1484 2393 electionem

298 2425 429 2500 praeter
453 2417 639 2482 Turoarum
661 2419 901 2501 imperatorem,
934 2416 1138 2482 confirmavit
1161 2419 1262 2482 etiam
1285 2418 1485 2483 Maximilia-

299 2529 369 2586 nus,
403 2507 458 2572 sed
482 2529 554 2571 cum
580 2527 618 2570 ea
641 2509 835 2588 conditione,
870 2514 907 2572 ut
937 2507 1117 2572 Bathorius
1141 2508 1240 2572 titulo
1262 2508 1367 2572 solum
1392 2509 1484 2573 Wai·

300 2596 400 2661 vodae
422 2597 483 2661 sub
507 2597 613 2662 tutela
636 2597 722 2682 regis
746 2597 940 2680 Hungariae
963 2596 1154 2662 fiduciarius
1178 2603 1306 2662 teneret
1330 2597 1484 2681 Transyl-

299 2688 437 2766 vaniam,
471 2687 655 2752 observavit
679 2692 855 2768 utcumque
888 2688 984 2750 istam
1013 2687 1264 2770 dependentiam
1297 2685 1484 2770 Stephanus

298 2784 333 2840 et
364 2778 433 2840 eius
463 2775 568 2840 irater
592 2783 625 2840 et
648 2796 811 2841 successor
844 2772 1099 2859 Christophorus
1131 2777 1309 2840 Bathorius
1333 2779 1485 2844 catholici

299 2867 395 2932 ambo
414 2866 586 2952 principos,
600 2868 664 2930 imo
685 2865 921 2948 sigismundus,
938 2865 1166 2948 Christophori
1181 2865 1269 2930 filius
1285 2887 1370 2932 anno
1389 2872 1483 2931 1598.

300 2957 476 3042 secessione
500 2978 519 3019 a
542 2955 659 3021 Turcis
685 2957 773 3020 facta
789 2962 904 3020 totum
928 2977 961 3021 se
985 2961 1018 3019 et
1036 2956 1304 3038 Transylvaniam
1328 2958 1485 3036 restituit,

298 3067 337 3109 ac
361 3046 501 3110 tradidit
525 3045 693 3129 Ungariae
716 3047 777 3111 sub
802 3046 977 3128 liudolpho
994 3046 1041 3110 ΙΙ.
1058 3045 1167 3110 Albae
1190 3045 1216 3109 J
1217 3046 1303 3109 uliae
1327 3047 1361 3110 in
1377 3048 1485 3130 publi-

298 3136 345 3200 cis
368 3135 517 3202 comitiis.
542 3136 600 3200 ubi
623 3157 770 3218 proceres
787 3135 1012 3219 Transylvani,
1029 3133 1172 3200 Saxones
1191 3142 1224 3200 et
1241 3133 1352 3215 Siculi,
1376 3158 1485 3202 coram

299 3225 452 3290 caesariis
477 3225 594 3307 legatis
620 3227 654 3289 in
683 3247 755 3290 eum
781 3225 879 3290 finem
903 3225 1100 3308 congregati,
1124 3226 1274 3289 iecerunt
1299 3226 1486 3290 solemniter

261 3384 263 3388 ,
300 3316 370 3398 regi
394 3315 562 3398 Ungariae
586 3317 807 3398 juramentum
831 3315 1009 3379 fidelitatis.
1034 3315 1090 3378 'lta
1113 3322 1193 3379 tunc
1212 3315 1345 3396 quidem
1374 3323 1485 3380 actum

298 3426 367 3469 esse
400 3411 494 3471 extra
526 3425 652 3468 omnem
677 3405 813 3469 dubium
838 3411 895 3470 est.
920 3402 1076 3486 Quamvis
1100 3412 1212 3486 postea
1235 3425 1380 3469 successa
1405 3412 1485 3468 tem-

300 3495 387 3578 poris
411 3493 640 3576 Sigismundus
664 3495 755 3557 varia
778 3494 1018 3560 inconstantiae
1041 3495 1169 3558 dederit
1192 3500 1395 3576 argumenta.

410 3590 460 3648 16.
483 3584 573 3647 Illud
606 3585 756 3666 equidem
787 3585 912 3666 liquido
945 3589 1074 3648 constat
1097 3605 1189 3666 reges
1212 3584 1404 3666 apostolicos
1429 3585 1486 3667 qui

299 3697 339 3738 ex
363 3673 596 3756 augustissima
620 3674 714 3738 domo
738 3671 918 3738 Austriaca
941 3679 1098 3738 rexerunt
1117 3673 1326 3756 Hungariam
1342 3675 1376 3737 in
1393 3695 1485 3758 prae-

299 3765 389 3829 dicta
423 3763 678 3845 Transylvaniae
710 3764 921 3828 revolutionis
953 3768 1156 3846 tempestate,
1188 3763 1255 3845 juri
1282 3784 1320 3826 ac
1343 3763 1485 3828 dominio

300 3875 366 3934 suo,
386 3854 473 3936 quod
489 3854 523 3917 in
542 3853 778 3936 Transylvania
798 3854 842 3918 eis
859 3855 1064 3934 competebat
1081 3857 1119 3916 ιιι
1134 3853 1266 3935 regibus
1282 3852 1485 3935 Hungariae,

299 3965 469 4026 nunquam
492 3944 594 4009 libere
618 3951 651 4011 et
675 3943 823 4007 absolute
855 3943 993 4021 cessisse,
1019 3943 1085 4006 sive
1108 3963 1166 4026 per
1190 3942 1333 4026 aliquem
1356 3948 1486 4007 contra-

298 4041 399 4112 ctum,
433 4034 498 4096 sive
521 4053 579 4115 per
602 4033 769 4118 propriam
792 4032 1053 4114 resignationem,
1078 4031 1144 4094 sive
1167 4053 1225 4114 per
1249 4032 1346 4096 aliam
1372 4054 1485 4115 quam·

300 4125 381 4187 libet
405 4123 634 4186 alienationem
662 4129 882 4205 spontaneam.
906 4122 1033 4188 Verum
1056 4121 1219 4204 quidquid
1243 4122 1485 4204 quomodolibet

300 4213 388 4276 circa
413 4212 667 4294 Transylvaniae
692 4213 921 4277 abscissionem
945 4217 1055 4274 actum
1079 4215 1136 4290 est,
1153 4211 1187 4274 id
1211 4232 1305 4274 omne
1328 4211 1486 4276 violenter

301 4310 333 4366 et
357 4303 529 4384 tyrannica
551 4302 708 4384 potentia,
742 4302 858 4366 Turcis
892 4301 1095 4384 potissimum
1119 4301 1355 4379 adiacentibus,
1379 4301 1485 4384 perfe-

299 4401 390 4456 ctum
414 4400 471 4459 est.

410 4487 460 4546 17.
485 4480 622 4547 Ocnstat
646 4482 732 4545 enim
755 4482 818 4544 toti
834 4481 1029 4564 Hungariac
1046 4485 1078 4544 et
1094 4478 1300 4560 Germaniae,
1323 4480 1387 4544 imo
1412 4480 1485 4543 orbi

301 4573 450 4636 universo
484 4577 563 4654 quot
587 4576 619 4634 et
643 4578 783 4653 quantas
811 4571 1032 4652 expeditiones
1056 4571 1214 4635 militares
1239 4591 1312 4633 curn
1336 4569 1485 4632 maximis
