3454 5492
794 431 983 484 ounnvdnnln

823 726 958 789 XLIII.

847 894 942 953 1495.

297 1049 347 1113 II.
378 1050 507 1114 Uldsalo'
535 1049 595 1113 Via
626 1047 904 1128 seelesfeberodrz'
937 1049 1169 1128 oreaaoaotot,
1203 1048 1288 1112 occul
1317 1047 1482 1127 ln'ilfdldc't,

291 1138 530 1220 javaaalaotot
567 1139 765 1222 ncepfosatjo,
797 1143 828 1203 e's
865 1140 999 1292 VII‘ffll
1031 1140 1211 1204 Fereoczet
1242 1139 1481 1202 orlanaooaoo

799 1249 911 1294 666666
947 1252 978 1292 a.

405 1390 474 1454 Nos
497 1394 556 1454 etc.
581 1390 1026 1455 Memorieicommendamus
1050 1396 1109 1454 etc.
1144 1388 1240 1472 Quod
1263 1411 1320 1454 nos
1344 1391 1482 1454 attentis

298 1487 330 1542 et
364 1479 575 1544 consideratis
608 1481 734 1546 meritis
767 1486 800 1544 et
832 1480 1011 1544 virtutibus
1039 1501 1077 1545 66
1101 1480 1167 1544 vite
1191 1480 1322 1558 virtute,
1354 1501 1480 1544 morum

297 1561 477 1649 honestate,
515 1568 734 1652 litteralisque
767 1569 904 1634 sciencie
937 1569 1113 1634 sufficienti
1146 1570 1267 1654 pericia
1300 1571 1481 1652 ceterisque

298 1659 458 1722 virtutum
491 1657 622 1724 dotibus
654 1657 759 1722 fidelis
792 1661 896 1723 nostri
929 1657 990 1741 t.,¹)
1021 1659 1139 1742 quibus
1164 1660 1301 1725 eundem
1324 1659 1364 1722 ab
1390 1660 1481 1723 altis-

298 1747 387 1825 simo,
412 1769 450 1811 ex
468 1747 601 1830 propria
624 1755 736 1815 nostra
759 1751 972 1831 experiencia,
999 1750 1193 1832 insignitum
1219 1757 1252 1814 et
1277 1749 1482 1813 illustratum

299 1858 365 1901 esse
398 1838 614 1919 cognovimus,
653 1839 843 1918 custodiam,
886 1840 1115 1904 canonicatum
1148 1847 1181 1903 et
1213 1838 1414 1922 prebendam
1446 1840 1480 1902 in

298 1923 508 2008 ecclesiane)
533 1929 735 2008 existentem,
753 1950 833 2010 quas
857 1937 890 1992 et
915 1951 1011 2012 quem
1034 1928 1230 1993 reverendus
1254 1929 1404 1994 dominus
1428 1924 1482 2009 t.⁸)

299 2017 421 2080 electus
445 2017 577 2082 ecclesie
601 2014 663 2098 t.,⁴)
697 2018 737 2082 de
760 2019 886 2082 familia
910 2027 943 2082 et
966 2018 1169 2100 subjeccione
1201 2018 1398 2082 serenissimi
1427 2019 1482 2082 do·

299 2108 377 2170 mini
402 2101 454 2187 t.⁵)
479 2106 703 2171 Romanorum
735 2109 829 2190 regis,
863 2107 902 2172 ob
936 2109 1205 2190 complacenciam
1239 2115 1272 2172 et
1299 2108 1480 2172 amiciciam

298 2195 442 2260 eiusdem
481 2197 678 2260 serenissimi
716 2197 839 2261 domini
872 2199 966 2282 regis
1005 2197 1098 2262 nobis
1130 2198 1164 2261 id
1197 2197 1416 2262 tolerantibus
1449 2205 1482 2262 et

299 2285 529 2368 annuentibus,
553 2309 611 2370 per
635 2293 726 2350 certa
750 2294 897 2370 tempora
922 2309 1023 2370 usqne
1048 2289 1111 2351 huc
1135 2288 1252 2367 tenuit,
1285 2288 1324 2352 de
1349 2288 1482 2352 consilio

299 2383 332 2438 et
348 2375 517 2440 voluntate
541 2376 746 2440 dominorum
768 2378 970 2459 prelatorum
994 2385 1027 2441 et
1050 2377 1210 2442 baronum
1234 2385 1482 2460 ceterorumque

300 2465 458 2528 nobilium
482 2467 586 2529 tocius
609 2467 702 2547 regni
726 2467 837 2545 nostri,
856 2467 1072 2549 personaliter
1088 2468 1122 2530 iu
1140 2468 1199 2530 hac
1222 2468 1366 2549 presenti
1393 2467 1481 2530 dieta

299 2555 375 2618 festi
399 2550 460 2635 t.,⁰)
486 2555 633 2618 unanimi
657 2556 825 2620 voluntate
849 2564 882 2620 et
897 2555 1057 2638 parilibus
1073 2554 1150 2636 (sic)
1166 2557 1283 2622 studiis
1307 2557 1483 2640 superinde

299 2644 549 2726 requirencium,
587 2666 625 2708 66
659 2651 696 2708 ut
730 2646 911 2710 condicioni
943 2647 1018 2710 novi
1051 2646 1210 2728 generalis
1243 2647 1375 2726 decreti,
1418 2668 1481 2729 quo

299 2740 448 2798 tenemur
482 2741 519 2798 ut
551 2755 645 2798 nemo
676 2735 855 2800 forensium
888 2737 1054 2800 hominum
1090 2736 1230 2801 cuiusvis
1270 2737 1415 2801 nacionis
1447 2738 1481 2800 in

299 2824 359 2887 hoc
383 2845 483 2906 regno
508 2831 617 2888 nostro
641 2823 808 2904 beneficia,
832 2833 1026 2908 personatus
1051 2847 1106 2889 seu
1131 2827 1310 2909 dignitates
1334 2827 1482 2890 obtinere

300 2913 415 2994 valeat,
440 2920 473 2977 et
496 2912 648 2978 obtentas
671 2915 813 2993 amittat,
846 2936 903 2997 per
937 2915 1045 2980 omnia
1068 2917 1315 2984 satisfaciamus,
1348 2917 1484 2980 summis

298 3003 449 3084 precibus
482 3009 515 3066 et
547 3003 761 3068 concordibus
793 3005 910 3070 animis
942 3014 975 3070 et
1003 3005 1135 3070 vocibus
1167 3006 1253 3088 apud
1278 3027 1335 3069 nos
1359 3007 1481 3070 instan-

300 3093 394 3170 cium,
419 3102 490 3157 tum
514 3114 552 3156 ex
577 3114 613 3157 eo
638 3095 723 3176 quod
748 3095 835 3157 omni
859 3095 1017 3159 conformi
1037 3096 1200 3160 voluntati
1224 3102 1256 3158 et
1281 3095 1482 3160 ordinacioni

299 3205 357 3247 nos
381 3183 616 3246 contrairemus
640 3206 704 3248 non
729 3184 793 3248 fuit
815 3184 964 3263 libitum;
989 3193 1060 3250 tum
1085 3186 1195 3265 eciam,
1213 3185 1262 3248 uti
1286 3185 1385 3248 iidem
1409 3207 1482 3268 pre·

299 3273 359 3336 lati
384 3279 416 3336 et
440 3272 577 3337 barones
611 3274 775 3355 ceterique
808 3275 970 3356 regnicole
995 3274 1087 3338 nobis
1111 3277 1306 3351 retulerunt,
1339 3275 1484 3356 dignitas

299 3362 444 3427 custodie
476 3362 564 3426 illius
587 3362 630 3427 ad
653 3363 713 3426 hoc
736 3365 891 3428 instituta
916 3387 935 3428 6
961 3367 1081 3430 sanctis
1115 3363 1247 3446 regibus
1280 3365 1411 3442 dicitur,
1445 3372 1482 3428 ut

299 3473 437 3534 persona
468 3453 559 3516 illam
591 3453 758 3534 possidens
790 3461 823 3517 et
853 3454 1040 3536 gubernans
1079 3460 1184 3518 totum
1224 3454 1417 3517 thezanrum
1449 3463 1483 3517 et

300 3543 467 3606 universas
500 3549 686 3606 sanctorum
719 3543 884 3626 reliquias,
917 3545 951 3608 in
974 3545 1044 3626 ipsa
1068 3542 1207 3608 Albensi
1232 3543 1366 3606 ecclesia
1390 3565 1482 3624 repo-

300 3633 387 3711 sitas,
420 3632 482 3695 loci
514 3631 637 3695 scilicet
671 3633 891 3696 coronacionis
924 3654 1037 3715 regum
1070 3633 1251 3714 Hungarie,
1291 3633 1331 3696 de
1363 3632 1485 3714 quibus

301 3729 370 3785 tota
395 3721 574 3804 hungarica
598 3721 691 3785 nacio
715 3742 779 3784 non
802 3745 936 3805 parvam
953 3723 1226 3786 existimacionem
1243 3723 1333 3802 facit,
1358 3743 1483 3806 semper

300 3818 333 3874 et
356 3812 492 3894 antiquo
517 3818 628 3876 tenere
652 3832 689 3874 ac
714 3832 903 3877 conservare
926 3820 959 3876 et
982 3813 1124 3876 fideliter
1153 3813 1315 3897 custodire
1348 3811 1482 3890 debeat3

299 3911 433 3982 propter
457 3903 543 3983 quod
567 3901 629 3983 ipsi
653 3901 783 3964 domino
808 3901 896 3981 Vite,
930 3924 1003 3966 cum
1027 3903 1080 3966 hic
1104 3903 1241 3966 lorensis
1265 3914 1483 3984 extraneeque

301 3991 445 4054 nacionis
477 3991 606 4062 existat,
646 3991 831 4055 huiusmodi
869 3993 1060 4056 thezaurum
1095 3991 1226 4056 ecclesie
1259 3987 1412 4055 Albensis
1445 4009 1485 4054 ac

304 4139 515 4152 ——u—

409 4224 429 4326 ξ)
453 4221 609 4302 »Francisci
629 4222 776 4289 Wardayer,
796 4221 869 4275 mint
888 4241 904 4275 a
923 4224 1040 4278 tovabbi
1059 4225 1204 4293 sabvegbo'l
1227 4222 1347 4277 kitiinik.

409 4292 572 4425 166·

409 4440 430 4498 ⁴)
449 4441 530 4504 Hogy
549 4435 631 4488 Vitus
659 4437 763 4504 melyik
790 4439 977 4508 piispb'kseget
1004 4440 1087 4504 birta,
1104 4457 1168 4492 nem
1187 4437 1388 4505 allaprthatjuk
1411 4453 1484 4506 meg.

410 4515 430 4568 ⁵)
449 4507 644 4561 Maximiliani.

410 4587 429 4642 ⁶)
453 4581 563 4634 »Sancti
584 4581 720 4650 Georgii«
743 4588 782 4636 Az
804 4581 1374 4651 14656166666668661666166666.
