3458 5492
308 451 371 510 202
804 458 989 509 1111111111

307 643 406 706 etiam
439 640 561 704 domini
594 642 776 706 cardinales
809 642 1004 721 existiment,
1037 662 1105 704 rem
1142 662 1209 704 esse
1242 640 1420 722 indignam,
1454 646 1491 703 ut

308 733 385 796 dum
417 751 526 794 omnes
549 730 677 795 faciunt
702 733 851 814 gratiam,
878 733 993 795 unicus
1016 736 1181 813 protector
1204 730 1375 812 propinem
1399 750 1492 793 suam

309 821 451 903 rigorose
476 821 595 902 exigat.
1151 861 1154 872 -

414 910 455 974 In
480 910 541 973 heo
564 929 662 973 causa
685 916 861 990 antequam
886 910 990 973 Roma
1022 910 1230 990 discederem,
1263 909 1420 986 ordinavi,
1454 915 1492 970 ut

309 1022 386 1065 suae
410 999 579 1064 sanctitati
604 999 790 1061 memoriale
823 999 1025 1062 exhibeatur.
1059 999 1220 1063 Fecissem
1246 999 1279 1062 id
1303 999 1402 1080 prius
1436 997 1491 1060 sed

308 1089 578 1155 dissimulandum
604 1087 676 1167 fuit,
710 1109 750 1151 ne
775 1108 842 1150 rem
866 1087 1044 1152 maioribus
1069 1089 1262 1152 involverem
1287 1087 1492 1152 difficultati-

308 1180 378 1258 bus,
402 1179 547 1260 alioquin
571 1185 648 1241 ante
672 1177 864 1242 decisionem
889 1184 1054 1261 protector
1072 1179 1196 1242 nullam
1216 1178 1383 1242 ecclesiam
1400 1198 1492 1260 prae-

309 1269 450 1334 conizari
474 1274 534 1331 111
556 1267 693 1350 proponi
717 1275 869 1331 curasset.
902 1268 1000 1332 Nunc
1023 1267 1166 1350 benigna
1190 1267 1492 1349 sedisapostolicae

309 1358 483 1446 superinde
508 1357 661 1420 resolutio
685 1357 882 1439 postulanda
905 1358 976 1420 erit.

414 1466 541 1542 Restat,
567 1471 604 1528 ut
628 1465 781 1544 defectus,
806 1467 862 1548 qni
886 1487 1120 1548 nonuunquam
1146 1472 1283 1548 aparte
1307 1464 1492 1545 aliquorum

308 1555 513 1619 dominorum
535 1554 755 1637 praelatorum
780 1556 866 1618 circa
890 1555 1151 1620 confirmationes
1182 1555 1417 1631 admittuntur,
1441 1574 1493 1616 ve-

308 1652 396 1710 strae
419 1645 584 1707 maiestati
608 1644 765 1725 detegam.
1088 1669 1089 1673 ¹

416 1749 482 1814 Hic
515 1771 579 1813 non
612 1758 661 1813 est
694 1752 821 1814 animus
854 1752 1028 1815 accusandi
1062 1751 1264 1834 coepiscopos
1296 1771 1399 1826 meos;
1437 1750 1492 1812 sed

309 1841 386 1923 quia
417 1861 476 1922 per
509 1839 590 1903 tales
623 1839 768 1904 defectus
801 1840 1048 1922 praeiudicatur
1074 1848 1107 1905 et
1131 1841 1195 1904 iuri
1222 1833 1416 1922 patronatus
1438 1860 1493 1910 ,ve-

309 1937 396 1994 strae
419 1930 600 1994 maiestatis
626 1937 659 1992 et
682 1929 804 1993 futuris
828 1931 992 2010 praelatis
1018 1936 1055 1994 ut
1080 1931 1290 2012 imposterum
1315 1929 1355 1992 de
1379 1949 1492 2010 oppor-

309 2027 389 2084 tuno
413 2019 554 2083 remedio
578 2019 797 2100 provideatur,
830 2025 955 2084 vestrae
980 2021 1143 2084 maiestati
1167 2019 1347 2084 necessario
1371 2017 1493 2100 signifi-

310 2110 449 2173 candum
474 2109 624 2172 iudicavi.
656 2109 764 2172 Electi
788 2109 891 2190 igitur
916 2111 965 2173 vel
989 2110 1149 2173 nominati
1173 2110 1312 2192 episcopi
1338 2114 1494 2172 tenentur

310 2199 439 2282 quidem
475 2197 652 2262 secundum
686 2220 823 2262 canones
856 2199 945 2262 intra
978 2205 1045 2263 tres
1078 2220 1211 2277 menses
1235 2207 1272 2262 ut
1297 2204 1410 2263 notum
1435 2205 1493 2276 est,

310 2309 485 2372 procurare
501 2287 771 2366 confirmationes
786 2288 940 2351 nimirum
965 2290 1176 2372 quantumin
1193 2289 1271 2371 ipsis
1288 2295 1353 2366 est,
1379 2287 1493 2350 horum

310 2387 419 2442 tamen
443 2377 592 2440 nonnulli
615 2399 731 2459 parum
757 2384 874 2440 curant
908 2373 1037 2462 (loquor
1062 2386 1172 2442 autem
1197 2379 1237 2442 de
1261 2379 1404 2442 realibus
1428 2378 1492 2458 epi-

309 2463 425 2550 scopis)
459 2488 495 2529 eo
528 2467 636 2530 minus
660 2468 686 2530 si
710 2474 786 2530 sunt
820 2467 1007 2546 consecrati,
1041 2468 1265 2532 existimantes
1298 2489 1337 2530 ex
1369 2465 1493 2548 capite:

309 2557 402 2620 Nihil
426 2556 466 2619 de
489 2557 581 2620 elect.
605 2557 667 2622 sibi
691 2558 757 2620 iam
781 2577 844 2619 non
870 2577 937 2621 esse
970 2559 1184 2622 necessariam
1207 2557 1493 2635 confirmationem,

309 2653 342 2709 et
366 2667 430 2709 non
455 2645 642 2725 advertunt,
666 2647 752 2728 quod
776 2647 809 2708 in
835 2667 931 2728 grave
956 2647 1129 2711 discrimen
1155 2647 1322 2711 adducant
1347 2655 1379 2710 et
1404 2667 1436 2709 se
1461 2653 1493 2708 et

309 2735 372 2799 sibi
397 2734 566 2800 subiectos.

416 2842 478 2907 Ille
510 2843 628 2926 quippe
661 2862 764 2907 canon
797 2844 950 2926 supponit
982 2843 1215 2926 obligationem
1247 2843 1380 2926 petendi
1419 2863 1493 2907 con-

308 2931 534 3003 firmationem.
557 2932 612 2996 sed
637 2954 678 2996 ne
701 2934 741 2997 ob
766 2933 944 3014 longiorem
968 2956 1091 2998 moram
1116 2933 1269 2998 dioecesis
1288 2933 1323 2996 in
1339 2932 1492 3015 spiritua-

308 3021 394 3088 libus
427 3023 559 3086 interim
593 3023 750 3104 patiatur,
783 3023 886 3088 voluit
918 3023 1017 3088 saluti
1051 3024 1235 3088 animarum
1266 3022 1436 3105 providere
1460 3028 1493 3084 et

310 3112 420 3176 electis
444 3132 481 3175 ea
505 3133 589 3194 quae
622 3113 856 3177 iurisdictionis
889 3120 966 3178 sunt
998 3113 1197 3196 permittere.
1231 3109 1325 3194 Quod
1359 3112 1385 3175 si
1420 3132 1492 3174 vero

309 3208 419 3284 petere
443 3200 621 3284 negligant,
645 3209 703 3266 aut
727 3202 842 3282 nolint,
865 3226 929 3268 non
962 3204 1027 3267 scio
1061 3202 1204 3286 qualiter
1236 3201 1288 3266 hic
1318 3223 1420 3266 canon
1445 3199 1493 3263 illi

309 3289 483 3374 suffragari
506 3291 615 3372 possit.
640 3291 795 3358 Viderint
820 3315 903 3374 ergo,
929 3315 994 3375 qua
1017 3293 1219 3358 authoritate
1243 3291 1322 3355 dent
1347 3290 1492 3356 sacerdo-

211 3387 212 3390 ’
309 3379 398 3444 tibus
423 3379 614 3445 facultatem
639 3381 794 3446 audiendi
818 3383 1042 3463 confessiones,
1060 3383 1110 3446 vel
1136 3381 1295 3464 quomodo
1319 3381 1392 3458 alia,
1411 3401 1492 3464 quae

309 3470 545 3534 iurisdictionis
568 3476 645 3534 sunt
669 3478 849 3536 exerceant.

337 3629 339 3634 .
418 3577 592 3656 Titulares,
632 3577 671 3642 de
704 3599 843 3658 quorum
881 3578 1023 3642 ecclesiis
1056 3578 1090 3640 in
1123 3578 1215 3642 curia
1247 3577 1396 3642 Romana
1428 3599 1492 3641 non

310 3667 574 3746 controvertitur,
599 3668 653 3730 vix
676 3667 800 3734 habent
828 3668 960 3750 aliquod
994 3667 1271 3749 impedimentum.
1305 3668 1362 3730 Et,
1384 3673 1493 3732 tamen

310 3778 369 3820 nec
392 3777 559 3840 processus
582 3758 721 3820 mittunt
743 3757 892 3837 Romam,
916 3778 974 3822 nec
1002 3756 1172 3840 pecuniam
1207 3778 1264 3838 pro
1288 3755 1493 3838 expeditione

309 3846 483 3912 bullarum.

417 3952 524 4018 Simili
548 3952 674 4015 ratione
698 3953 801 4031 electi,
818 3953 857 4016 de
873 3973 1012 4034 quorum
1030 3952 1138 4015 titulis
1154 3953 1345 4034 disputatur
1360 3953 1492 4031 Romae,

311 4065 357 4105 an
376 4043 443 4106 sint
466 4043 548 4105 iuris
572 4049 766 4124 patronatus
789 4049 914 4106 vestrae
947 4043 1138 4120 maiestatis,
1171 4064 1235 4106 non
1268 4048 1387 4123 urgent
1419 4062 1494 4105 oon-

310 4131 536 4210 firmationem,
569 4153 607 4194 ao
639 4139 811 4214 propterea
844 4132 982 4194 curiales
1006 4153 1043 4196 eo
1066 4132 1169 4214 magis
1200 4130 1436 4196 confirmantur
1458 4131 1493 4194 in

311 4243 370 4284 sua
403 4222 561 4302 opinione,
594 4228 627 4284 et
651 4222 696 4286 sio
721 4221 906 4284 huiusmodi
939 4222 1068 4284 titulos*
1086 4219 1360 4304 insuperabilibus
1392 4221 1493 4283 invol-

310 4316 392 4374 vunt
416 4309 679 4376 difficultatibus.
703 4308 751 4374 Ut
774 4317 884 4375 autem
909 4317 1018 4374 vestra
1041 4312 1193 4375 maiestas
1209 4317 1355 4373 exactam
1373 4309 1493 4374 habeat

311 4401 471 4464 rationem
504 4401 648 4464 omnium
683 4400 936 4482 episcopatuum,
975 4401 1051 4464 olim
1085 4424 1104 4464 a
1135 4399 1266 4484 regibus
1299 4399 1494 4481 Hungariae

311 4492 451 4555 conferri
475 4491 653 4569 solitorum,
677 4511 764 4553 nunc
779 4512 854 4553 vero
870 4491 920 4553 vel
944 4489 1213 4567 abalienatorum,
1235 4489 1285 4551 vel
1308 4496 1493 4554 controver-

311 4601 419 4644 sorum
436 4586 495 4644 aut
515 4601 578 4644 non
598 4586 887 4658 controversorum,
911 4586 1050 4644 annecto
1074 4579 1301 4644 annotationes
1324 4579 1493 4644 reverendi
