3458 5492
312 425 374 489 130
660 421 663 426 Δ
808 428 992 486 excuvitoria

307 625 414 687 facere
448 622 619 700 consvevit,
652 621 824 685 verisimile
859 641 927 685 1111
959 620 1024 702 juri
1063 619 1200 684 aliorum
1240 618 1493 683 christianorum

308 735 429 796 regum,
455 734 518 796 quo
542 719 576 776 et
600 713 661 795 ipsi
684 713 718 775 in
743 711 942 794 suisregnis
965 711 1147 792 potiuntur.
1172 709 1237 773 Jus
1256 714 1368 774 autem
1383 715 1493 792 patro-

306 809 405 887 natus
436 803 622 885 hujusmodi
656 802 738 866 nihil
762 801 853 866 aliud
876 800 1004 879 tribuit,
1028 807 1087 864 aut
1114 801 1259 882 tribuere
1285 805 1401 883 potest,
1427 799 1492 863 sive

308 893 473 976 majestati
490 898 624 973 vestrae,
649 913 704 956 seu
724 892 797 957 aliis
818 891 958 972 regibus,
984 912 1081 972 quam
1098 890 1289 954 facultatem
1306 889 1495 952 nominandi

309 989 342 1046 11
364 982 596 1066 praesentandi
630 988 735 1046 certas
766 991 920 1064 personas
953 981 995 1043 ad
1019 980 1169 1044 ecclesias
1198 978 1412 1058 cathedrales,
1436 984 1495 1043 aut

309 1073 584 1155 metropolitanas,
608 1077 776 1154 pastorum
796 1070 911 1136 solatio
931 1069 1115 1150 destitutas,
1136 1077 1174 1133 ut
1198 1069 1339 1133 ecclesiis
1359 1068 1433 1148 11111,
1453 1068 1494 1132 ad

309 1164 563 1228 nominationem
587 1169 619 1225 11
642 1162 939 1244 praesentationem
956 1159 1089 1242 regiam,
1114 1160 1154 1224 de
1177 1159 1323 1242 personis
1349 1159 1496 1222 nomina-

309 1255 352 1317 tis
385 1259 417 1320 et
449 1253 666 1336 praesentatis
691 1274 710 1316 a
733 1273 858 1316 summo
891 1249 1044 1334 pontifice
1077 1250 1297 1332 provideatur.
1332 1248 1396 1313 Jus
1420 1269 1495 1311 vero

309 1343 449 1425 eligendi
471 1347 667 1426 patronatus
690 1362 899 1424 nequaquam
923 1339 1051 1419 tribuit,
1072 1339 1159 1423 quod
1183 1339 1391 1421 collegiorum
1416 1359 1495 1420 quo·

309 1434 449 1498 rundam
480 1434 532 1515 jus
566 1438 623 1512 est,
657 1439 694 1496 ut
728 1433 761 1495 in
795 1431 999 1495 monasteriis
1032 1436 1065 1493 et
1098 1430 1240 1493 ecclesiis
1273 1429 1495 1512 compluribus

310 1521 508 1588 Germaniae
530 1521 601 1586 fieri
625 1523 779 1602 videmus
804 1527 936 1584 namet
961 1520 1110 1584 monachi
1133 1520 1182 1584 illi
1206 1524 1238 1582 et
1262 1523 1440 1586 conventus
1464 1524 1497 1581 11

310 1613 466 1677 canonici
481 1634 518 1676 ac
543 1613 688 1694 capitula
713 1612 838 1692 eligunt
858 1615 891 1673 et
907 1610 1078 1676 electiones
1102 1609 1237 1689 faciunt,
1262 1631 1345 1690 quae
1369 1614 1496 1690 aposto-

312 1704 393 1768 licae
417 1703 502 1766 sedis
535 1704 733 1766 auctoritate
760 1707 836 1765 sunt
862 1700 1112 1764 confirmandae.
1145 1698 1282 1781 Proprie
1315 1697 1402 1763 enim
1436 1698 1498 1762 ele-

312 1793 451 1856 ctionem
477 1791 692 1871 oonfirmatio',
718 1790 972 1855 nominationem
990 1796 1021 1854 et
1038 1789 1334 1873 praesentationem
1358 1788 1498 1870 provisio

313 1883 533 1964 consequitur.
559 1880 642 1947 Cum
666 1903 742 1964 ergo
763 1882 915 1963 majestas
935 1887 1051 1959 vestra,
1068 1901 1107 1944 ex
1124 1901 1182 1944 suo
1199 1880 1287 1962 regio
1304 1885 1498 1961 patronatus

311 1975 392 2056 jure,
416 1973 557 2055 aliquem
583 1973 786 2036 sanctissimo
811 1972 940 2034 domino
964 1991 1021 2053 per
1046 1992 1120 2034 suas
1143 1970 1255 2033 literas
1284 1968 1499 2040 nominaverit

313 2070 344 2126 11
369 2063 636 2145 praesentaverit,
657 2068 695 2126 ut
718 2062 774 2126 alii
798 2062 946 2144 plerique
970 2081 1060 2142 reges
1085 2059 1219 2140 faciunt,
1244 2059 1357 2123 statim
1379 2058 1415 2138 is,
1440 2059 1497 2140 qui

312 2153 499 2216 nominatus
522 2158 817 2236 praesentatusque
844 2157 900 2230 est,
924 2150 1063 2214 Romam
1087 2151 1219 2214 mittere
1243 2149 1349 2228 debet,
1373 2170 1436 2212 non
1462 2155 1499 2211 ut

311 2242 590 2307 confirmationem
623 2242 779 2322 obtineat,
812 2261 898 2322 quae
922 2246 960 2304 ut
984 2239 1053 2303 dixi
1077 2240 1118 2303 111
1143 2239 1313 2303 electiones
1347 2238 1499 2321 pertinet,

313 2333 367 2397 sed
393 2338 430 2397 ut
453 2331 669 2414 provisionem
693 2333 855 2414 impetret,
876 2352 941 2414 qua
964 2329 1187 2394 sanctissimus
1212 2329 1359 2412 pontifex
1383 2328 1417 2391 in
1441 2349 1499 2392 suo

314 2423 504 2486 consistorio
526 2428 659 2502 1111111,
682 2423 724 2485 ad
746 2422 869 2502 regiam
887 2421 1140 2484 nominationem
1157 2425 1190 2483 et
1205 2418 1500 2502 praesentationem

315 2513 446 2576 vacanti
471 2512 623 2576 111111111
647 2512 687 2576 de
712 2511 870 2576 nominati
895 2517 928 2574 11
951 2511 1152 2591 praesentati
1177 2531 1315 2591 persona
1343 2508 1500 2591 providet.

316 2602 359 2666 Id
383 2603 469 2666 enim
492 2608 689 2684 perpetuum
710 2607 760 2666 est
783 2603 816 2664 in
841 2600 1117 2665 nominationibus
1134 2605 1167 2663 11
1182 2598 1501 2682 praesentationibus

315 2713 429 2775 regum
463 2698 496 2755 11
528 2693 723 2774 principum,
763 2691 819 2775 qui
852 2691 904 2772 jus
938 2695 1133 2770 patronatus
1166 2689 1298 2768 habent,
1332 2696 1369 2752 ut
1401 2688 1502 2753 habet

316 2783 468 2865 majestas
503 2788 618 2862 vestra,
652 2803 808 2864 regesque
842 2779 969 2845 11111111
994 2780 1077 2844 etsi
1104 2779 1159 2862 qui
1186 2786 1263 2844 sunt
1295 2779 1361 2842 alii.
1394 2777 1502 2843 Ante-

316 2894 414 2954 quam
438 2893 512 2936 vcro
535 2872 675 2954 provisio
692 2873 763 2955 ipsa
778 2873 812 2935 in
830 2871 1019 2936 consistorio
1043 2869 1110 2948 fiat,
1134 2869 1332 2934 nullomodo
1349 2890 1382 2933 11
1399 2869 1501 2932 nomi-

316 2963 387 3027 nati
412 2970 444 3026 et
467 2963 668 3044 praesentati
693 2963 809 3026 electos
833 2961 1164 3044 appellare'possunt,
1197 2980 1234 3022 ac
1267 2959 1370 3022 multo
1395 2959 1501 3021 minus

315 3053 489 3136 episcopos,
523 3073 596 3116 cum
629 3074 742 3118 revera
775 3051 881 3116 adhuc
906 3057 1060 3116 neutrum
1085 3051 1168 3132 sint;
1192 3055 1264 3132 post
1287 3049 1502 3131 provisionem

315 3148 429 3207 autem
462 3143 718 3208 consistorialem
752 3149 784 3206 11
817 3141 1019 3224 pontificiam
1052 3139 1146 3205 electi
1179 3139 1309 3221 quidem
1343 3137 1503 3221 appellari

318 3240 463 3316 possunt,
486 3254 551 3297 non
575 3238 684 3298 tamen
709 3232 857 3316 episcopi,
882 3231 984 3296 donec
1008 3236 1246 3310 consecrentur,
1267 3235 1300 3292 et
1320 3229 1383 3292 nisi
1399 3228 1503 3292 literis

317 3323 500 3406 apostolicis
539 3323 700 3405 expeditis
740 3322 920 3387 consecrari
959 3341 1167 3403 nequaquam
1206 3325 1350 3402 possunt.
1393 3315 1504 3400 Quare

316 3415 558 3496 quamprimum
590 3414 729 3495 provisio
764 3413 852 3477 iacta
885 3419 942 3492 est,
976 3411 1064 3475 omni
1087 3410 1207 3475 *studio
1236 3429 1351 3473 curare
1375 3407 1503 3488 debent,

316 3510 351 3567 ut
374 3505 490 3568 literae
521 3504 725 3585 apostolicae
751 3510 783 3567 et
806 3501 916 3566 bullae
948 3500 1173 3583 expediantur,
1205 3505 1243 3562 ut
1276 3499 1405 3563 demum
1429 3519 1505 3580 apo-

317 3595 430 3659 stolica
463 3594 662 3659 auctoritate
695 3593 829 3658 solemni
862 3593 931 3656 ritu
963 3591 1142 3656 consecrati
1176 3590 1316 3673 episcopi
1339 3609 1414 3652 vere
1438 3589 1504 3652 sint

305 3691 350 3764 et
374 3686 536 3749 dicantur.
561 3681 656 3748 Solus
680 3685 765 3748 enim
789 3682 957 3747 Romanus
981 3679 1136 3764 pontifex,
1157 3701 1217 3763 pro
1237 3685 1297 3743 sua
1320 3700 1446 3742 summa
1470 3679 1504 3741 in

317 3776 452 3840 ecclesia
471 3774 535 3838 Dei
554 3781 728 3856 potestate,
746 3774 897 3856 proprius
914 3779 963 3837 est
980 3771 1204 3855 episcoporum
1221 3770 1399 3834 ordinator.
1410 3766 1505 3850 Quod

317 3867 344 3929 si
377 3887 416 3930 ex
448 3864 508 3944 his,
542 3886 628 3946 quae
660 3865 818 3928 hactenus
851 3863 941 3927 dicta
973 3867 1060 3942 sunt,
1093 3861 1173 3926 satis
1206 3865 1342 3940 constat,
1379 3865 1505 3941 quanta

317 3955 426 4020 cautio
450 3954 644 4020 adhibenda
668 3955 720 4034 sit,
744 3975 785 4016 ne
810 3954 882 4035 quis
905 3953 968 4018 sibi
993 3951 1118 4034 aliquid
1141 3950 1287 4015 indebite
1311 3954 1427 4029 sumat,
1456 3947 1505 4010 vel

318 4047 351 4108 iu
376 4047 448 4128 ipsa
472 4051 603 4110 tantum
634 4043 850 4128 appellatione
874 4049 907 4106 11
931 4042 1202 4106 denominatione.
1237 4039 1321 4105 Sane
1354 4039 1506 4120 majestas

319 4141 426 4200 111111
458 4157 517 4218 pro
550 4157 609 4200 sua
643 4133 802 4218 singulari
835 4133 1012 4216 prudentia
1037 4131 1157 4214 optime
1185 4129 1350 4212 intelligit,
1383 4135 1506 4209 quanto

321 4245 585 4307 unumquemque
609 4227 788 4290 cautiorem
813 4244 879 4288 1111
904 4227 1054 4306 oporteat
1078 4223 1111 4285 in
1136 4221 1234 4285 rebus
1258 4220 1343 4303 ipsis,
1372 4219 1431 4280 hoc
1458 4224 1506 4281 est

319 4317 352 4379 iu
378 4316 615 4398 gubernatione
649 4321 681 4380 et
714 4313 998 4379 administratione
1031 4317 1100 4376 tam
1132 4332 1242 4375 rerum
1275 4307 1506 4392 spiritualium,

321 4427 404 4489 quae
428 4405 560 4488 majoris
583 4406 687 4470 multo
711 4410 789 4470 sunt
813 4404 977 4483 momenti,
1011 4423 1109 4485 quam
1143 4402 1242 4464 etiam
1267 4397 1506 4480 temporalium,

320 4501 353 4560 et
377 4497 547 4560 fructuum
571 4517 608 4559 ac
632 4496 807 4560 redituum.
841 4492 1069 4576 Quamobrem,
1095 4512 1168 4555 cum
1193 4490 1232 4554 de
1259 4489 1356 4554 rebus
1386 4488 1507 4569 gravis-

320 4587 408 4650 simis
426 4593 554 4669 agatur,
572 4606 766 4669 magnopere
782 4585 925 4669 pertinet
941 4585 983 4648 ad
1000 4584 1157 4666 pietatem
1173 4579 1356 4662 majestatis
1372 4585 1507 4660 vestrae,
