3454 5492
445 434 608 474 ancorae
633 435 691 474 nia.
716 435 846 474 unarum
862 436 922 474 ¹roe
946 423 1176 476 resacrambam.
1362 416 1403 478 85

220 607 362 672 fideliter
386 612 419 670 et
441 605 569 689 integre
593 607 727 688 sineque
751 605 817 670 ullo
844 606 974 670 defectu
1000 628 1187 671 conservare
1212 613 1245 672 et
1267 609 1406 673 admini-

220 702 334 776 strare,
368 703 401 760 et
425 697 512 762 inter
535 696 601 760 alia
625 697 727 760 eciam
751 696 793 760 ad
816 703 993 778 proventus
1016 697 1171 762 instantis
1196 699 1350 762 vindemii
1375 705 1407 762 et

222 789 323 851 eciam
357 808 488 851 censum
522 787 627 850 saneti
660 786 802 850 Martini
834 786 1046 869 singulariter
1064 787 1245 868 providere
1268 789 1405 867 debeas3

222 879 254 940 in
280 878 390 960 eisque
414 877 539 940 nullam
562 877 692 940 omnino
717 876 965 958 dissipacionem
981 878 1089 940 facere
1106 877 1234 942 audeas.
1245 878 1405 945 Volumus

223 968 324 1030 eciam
349 973 382 1032 et
408 967 470 1031 tibi
502 965 641 1030 firmiter
675 966 909 1031 committimus
942 971 975 1029 et
1008 967 1210 1048 mandamus,
1244 975 1405 1050 quatenus

222 1058 388 1122 universas
421 1077 472 1120 res
505 1057 650 1120 eiusdem
682 1056 819 1120 condam
852 1057 975 1120 domini
1009 1056 1156 1138 episcopi,
1182 1063 1250 1122 tam
1284 1059 1407 1123 scilieet

221 1149 376 1229 pecunias
399 1153 432 1210 61
455 1146 651 1228 argenteria,
677 1167 773 1230 quam
801 1147 903 1210 eciam
926 1147 1007 1212 alias
1030 1168 1140 1211 omnes
1156 1169 1207 1211 res
1223 1149 1324 1230 ipsius
1347 1170 1406 1231 pro

221 1237 313 1301 nobis
345 1236 487 1300 fideliter
520 1257 709 1300 conservare
744 1235 863 1300 debeas
888 1241 920 1300 et
945 1237 1094 1315 tenearis
1127 1237 1175 1300 ita
1205 1239 1291 1320 quod
1315 1239 1406 1302 nulla

221 1329 352 1410 penitus
385 1326 557 1408 dissipacio
589 1327 623 1390 in
658 1325 720 1390 hiis
748 1323 824 1407 fiat;
858 1328 1010 1408 quoniam
1034 1328 1061 1390 si
1085 1331 1117 1390 te
1141 1327 1190 1390 vel
1214 1328 1248 1391 in
1273 1329 1406 1392 minimo

220 1419 328 1481 minus
360 1416 501 1480 fideliter
534 1415 627 1480 nobis
661 1415 829 1480 servivisse
862 1416 1180 1499 deprehenderimus
1205 1423 1314 1482 certus
1338 1426 1407 1482 esto

222 1507 366 1589 graviter
390 1512 423 1570 te
446 1507 626 1588 puniemus.
660 1505 796 1588 Integre
828 1506 940 1588 igitur,
974 1514 1011 1570 ut
1034 1506 1248 1590 premisimus,
1272 1514 1305 1572 et
1328 1508 1407 1572 fide·

220 1598 297 1661 liter
321 1618 359 1662 ea
382 1597 490 1660 omnia
513 1617 572 1679 pro
596 1596 689 1660 nobis
717 1595 886 1678 recolligas
920 1603 952 1660 et
986 1617 1160 1660 conserves.
1193 1596 1406 1662 Postmodum

221 1693 332 1750 autem
368 1691 400 1750 te
433 1686 673 1751 informabibus
707 1685 747 1748 de
774 1685 941 1750 voluntate
975 1691 1007 1748 et
1041 1687 1252 1768 disposicione
1285 1693 1405 1767 nostra,

222 1784 290 1841 tam
315 1777 355 1840 de
378 1776 443 1840 illis
467 1777 566 1840 rebus
590 1782 622 1840 et
645 1775 800 1858 pecuniis,
835 1797 933 1858 quarn
967 1778 1069 1840 eciam
1093 1777 1166 1840 aliis
1190 1777 1276 1842 circa
1300 1779 1406 1860 ipsum

222 1867 451 1950 episcopatum,
485 1867 789 1948 committemusque
822 1865 884 1930 tibi
918 1865 996 1948 quid
1030 1866 1070 1930 de
1093 1867 1158 1931 illis
1182 1867 1225 1931 sis
1248 1868 1406 1932 facturus

222 1956 327 2022 Aliud
352 1956 455 2038 igitur
479 1956 513 2020 in
536 1956 587 2020 his
611 1956 736 2020 interea
761 1955 850 2019 nullo
875 1955 968 2019 modo
992 1957 1099 2020 facere
1129 1977 1305 2042 presumas.
1339 1957 1406 2021 Da-

220 2055 291 2136 tum
315 2047 411 2112 Bude
435 2047 517 2110 feria
542 2047 684 2112 secunda
706 2047 855 2128 proxima
878 2051 955 2109 ante
978 2045 1098 2110 festum
1122 2047 1306 2112 nativitatis
1330 2047 1406 2112 bea-

222 2137 346 2202 tissime
368 2137 504 2220 virginis
527 2137 636 2202 Mario
658 2157 743 2200 anno
769 2141 828 2200 etc.
857 2139 952 2200 1512.

329 2227 472 2314 Egregie
489 2224 619 2310 Gaspar
638 2226 767 2290 Thurzo
791 2225 950 2309 provisori
974 2227 1062 2290 curie
1087 2227 1290 2310 episcopatus
1308 2229 1405 2292 eccle·

222 2319 268 2382 sie
292 2317 520 2382 Waradiensis
543 2316 648 2382 fidelis
670 2316 764 2381 nobis
789 2316 915 2380 dilecto.

330 2474 372 2526 Aa
390 2473 450 2527 irat
470 2474 551 2528 elea:
580 2477 620 2529 Ut
639 2475 830 2544 episcopatum
850 2476 1067 2542 Waradiensem,
1096 2476 1208 2530 nomine
1226 2476 1302 2546 regie
1322 2475 1405 2530 maio-

222 2545 522 2682 qqqpqstqqepqqqentus
551 2547 675 2600 eiusdem
703 2547 845 2601 maiestati
869 2565 916 2601 sue
939 2548 1062 2602 fideliter
1088 2548 1285 2602 administrare
1305 2548 1405 2618 stipsi

329 2761 437 2825 (Kassai
456 2763 626 2829 Formulare,
650 2761 669 2816 f.
690 2765 743 2826 56.)

759 3001 868 3068 LXV.

653 3167 747 3227 1513.
771 3162 906 3226 februar
934 3168 982 3226 11.

221 3325 270 3389 II.
293 3324 424 3390 Uldaalo'
445 3323 638 3408 raegbapyja
663 3323 774 3389 Sacra
793 3324 985 3388 Millosaolc
1001 3328 1033 3387 e'a
1050 3324 1241 3408 Stresemley
1258 3325 1405 3408 (1611696-

221 3415 294 3494 aab,
327 3414 410 3497 bogis
434 3434 474 3478 aa
498 3413 592 3498 eddig
626 3413 736 3478 terail
770 3415 844 3478 aaa
875 3415 941 3477 levo
973 3414 1054 3478 belai
1082 3418 1251 3498 apdtsdpot
1273 3415 1404 3498 61619111-

488 3505 598 3568 tossdlc
622 3507 660 3568 dt
680 3525 700 3568 a
720 3503 969 3585 paaaocbalmi
992 3505 1150 3585 epotaret.

330 3666 532 3730 Wladislaus
566 3666 629 3729 Dei
663 3667 772 3749 gracia
803 3688 861 3730 rex
894 3665 1067 3748 Hungarie
1091 3671 1123 3729 et
1148 3665 1310 3744 Bohemie,
1345 3671 1403 3729 etc.

221 3757 393 3821 Fidelibus
426 3757 546 3819 nostris
580 3757 717 3838 egregiis
749 3756 886 3821 Nicolao
920 3755 1021 3820 Zekel
1054 3761 1087 3819 61
1121 3754 1262 3837 Georgio
1286 3754 1406 3819 Ztrhe-

221 3847 339 3930 semley
364 3841 417 3928 (P),
450 3845 589 3910 salutem
621 3853 654 3910 et
688 3847 839 3929 graciam.
874 3843 1011 3910 Constat
1040 3845 1138 3925 vobiS,
1172 3845 1313 3927 qualiter
1347 3867 1405 3910 nos

220 3958 279 4020 pro
311 3936 454 4000 serviciis
487 3941 520 3998 et
553 3943 786 4018 consequenter
824 3936 965 4000 sallariis
998 3935 1123 4014 vestris,
1163 3935 1283 4017 quibus
1315 3936 1405 3999 vobis

221 4027 351 4091 racione
383 4026 525 4089 banatus
557 4027 657 4090 castri
690 4027 794 4090 nostri
817 4025 942 4108 Jaycza
965 4025 1202 4108 obligabamur,
1233 4025 1404 4089 abbaciam

220 4118 260 4181 de
284 4116 365 4180 Bela
388 4122 421 4178 et
445 4115 611 4182 universos
635 4122 811 4200 proventus
835 4116 979 4179 eiusdem
1012 4115 1163 4178 manibus
1187 4117 1302 4180 vestris
1326 4117 1404 4178 assi-

221 4227 443 4288 gnaveramus
468 4205 569 4272 Ouius
587 4206 718 4288 quidem
734 4205 870 4270 abbacie
886 4205 1104 4268 emolumenta
1120 4204 1287 4286 hucusque
1303 4204 1404 4268 libere
1477 4236 1480 4243 ·

221 4317 258 4360 ac
274 4317 333 4378 pro
349 4296 444 4360 libito
459 4302 566 4359 vestro
590 4297 787 4378 percepistis.
811 4295 909 4360 Nunc
932 4301 1043 4358 autem
1068 4294 1208 4358 ulterius
1231 4295 1403 4359 abbaciam

220 4388 324 4468 ipsam
350 4385 478 4449 diucius
500 4385 588 4467 apud
613 4407 728 4450 manus
752 4385 912 4449 seculares
946 4384 1130 4467 relinquere
1163 4385 1317 4463 nolentes,
1352 4385 1404 4447 de-

222 4476 380 4540 crevimus
398 4497 417 4540 a
433 4475 522 4540 vobis
546 4475 717 4539 abbaciam
740 4477 844 4558 ipsam
864 4475 994 4539 omnino
1013 4474 1232 4558 recipiendam
1249 4481 1281 4538 et
1297 4475 1404 4538 ordini

221 4587 279 4632 suo
313 4565 559 4632 restituendam.
596 4565 794 4633 Mandemus
827 4565 931 4652 igitur
962 4564 1116 4632 fidelitati
1149 4571 1254 4632 vestre
1286 4565 1404 4630 harum
