3454 5492
476 471 495 510 n
518 469 639 510 macrim
663 470 721 508 rm.
746 453 875 510 cnorum
899 469 952 509 roo
975 457 1201 510 tenerrimam.
1386 449 1423 508 71

244 643 399 723 nandum,
433 641 618 724 eligendum
646 648 679 706 et
702 643 974 726 presentandum;
1009 643 1106 708 immo
1135 644 1292 726 eligimus,
1325 643 1426 708 nomi·

244 755 360 797 namus
384 738 417 796 et
439 737 673 816 presentamus,
697 734 899 816 presencium
916 755 974 816 per
990 734 1141 816 vigorem.
1161 731 1321 816 Quocirca
1337 734 1427 798 vobis

243 822 332 887 fideli
366 829 476 888 nostro
508 822 775 888 reverendissimo
798 824 832 887 in
855 823 987 889 Christo
1013 824 1102 908 patri
1126 830 1149 888 t.
1172 823 1313 888 firmiter
1336 845 1427 888 man·

244 913 367 994 damae,
393 919 555 996 quatenus
578 913 744 996 prefatum
760 919 782 977 t.
799 914 833 977 in
850 914 1061 979 canonicatus
1085 920 1118 978 et
1141 913 1307 998 prebenda
1331 935 1427 979 cano·

243 1003 314 1068 nice
346 1003 520 1068 instituere
554 1009 587 1068 et
619 1002 819 1084 confirmare,
852 1023 890 1068 ac
923 1003 963 1068 de
995 1004 1114 1069 eisdem
1143 1005 1205 1070 sibi
1229 1005 1427 1069 auctoritate

243 1099 351 1157 vestra
375 1092 542 1158 ordinaria
564 1094 659 1176 pleno
684 1095 757 1176 jure
788 1094 958 1178 providere
992 1094 1154 1175 debeatis;
1188 1095 1427 1160 committentes

243 1182 454 1248 nibilominus
477 1184 723 1249 honorabilibus
740 1183 879 1248 dominis
904 1185 944 1248 de
964 1185 1107 1267 capitulo
1131 1185 1273 1250 eiusdem
1296 1185 1427 1249 ecclesie

243 1281 357 1349 vestre,
391 1273 511 1357 quibus
544 1280 577 1338 et
610 1294 668 1338 nos
700 1274 907 1356 presentibus
931 1274 1114 1340 firmissime
1137 1274 1370 1340 committimus
1394 1281 1427 1338 et

242 1363 443 1444 mandamus
477 1370 514 1430 ut
547 1364 608 1448 ipsi
641 1363 780 1429 eundem
803 1369 826 1428 t.
851 1370 884 1428 et
907 1364 1033 1431 nullum
1065 1365 1166 1430 alium
1190 1366 1225 1428 in
1249 1364 1370 1429 socium
1394 1371 1427 1428 et

243 1454 496 1520 concanonicum
533 1454 678 1537 ipsorum
716 1475 922 1536 assummere,
960 1455 1158 1538 stallumque
1196 1456 1228 1520 in
1264 1455 1361 1519 choro
1394 1459 1427 1518 et

242 1565 350 1608 vocem
374 1544 407 1607 in
432 1545 585 1627 capitulo,
618 1566 692 1608 oum
724 1544 812 1608 omni
835 1546 918 1628 juris
943 1539 1147 1628 plenitudine
1179 1545 1354 1627 assignare,
1387 1545 1427 1608 de

242 1634 401 1700 universis
425 1656 553 1718 quoque
576 1633 749 1715 fructibus,
773 1635 993 1718 proventibus,
1010 1635 1262 1702 obvencionibus
1286 1640 1319 1706 et
1342 1656 1425 1698 emo-

241 1724 396 1789 lumentis
419 1724 597 1789 eorundem
620 1724 831 1789 canonicatus
855 1732 887 1790 et
912 1725 1075 1809 prebende
1102 1726 1205 1790 eidem
1229 1731 1252 1790 t.
1276 1724 1325 1788 vel
1358 1725 1426 1788 eius

241 1815 447 1897 procuratori
479 1814 634 1897 legitim0,
667 1815 769 1898 ipsius
801 1816 939 1896 nomine,
978 1816 1181 1899 respondere,
1214 1822 1247 1880 et
1279 1836 1337 1898 per
1369 1815 1426 1878 hos

243 1925 381 1987 quorum
404 1904 543 1969 interest
566 1905 754 1988 responderi
780 1904 895 1986 facere,
920 1905 1022 1970 modis
1049 1905 1200 1970 omnibus
1224 1904 1370 1970 debeatis
1393 1911 1426 1967 et

242 1994 427 2074 teneamini,
453 1995 532 2058 locis
556 1995 677 2060 debitis
693 2000 726 2060 et
743 1995 945 2078 temporibus
960 2016 1087 2080 semper
1103 1996 1302 2080 opportunis.
1327 1993 1426 2060 Secus

241 2106 305 2150 non
330 2084 458 2149 facturi.
484 2083 618 2148 Datum.

350 2226 392 2278 ΑΖ
410 2224 470 2278 irat
490 2223 570 2278 eido:
591 2225 713 2278 Donacio
733 2225 920 2278 canonicatus.

348 2370 456 2432 (Kassai
475 2367 646 2434 Formulare,
666 2367 685 2422 f.
708 2363 772 2431 13².)

796 2677 868 2743 LV.

691 2843 783 2902 1503.
807 2841 978 2922 januarii.

240 3005 289 3068 ΙΙ.
319 3003 452 3070 uterere
473 3002 666 3086 arephapyja
690 3003 933 3067 Boacocatcro
957 3002 1116 3082 topolccot
1149 3003 1309 3082 cpdtcalc,
1341 3003 1425 3084 bopp

285 3115 306 3158 a
319 3092 567 3174 poenoubolmi
591 3096 671 3174 aptit
694 3092 995 3157 reodcllcece'eeinclc
1018 3092 1118 3156 eidone
1140 3111 1183 3156 rte
1206 3093 1380 3176 azepdljo'a.

348 3253 551 3318 Wladislaus
584 3253 648 3318 Dei
681 3254 791 3335 gracia
824 3275 880 3316 rex
914 3253 1087 3334 Hungarie
1112 3261 1143 3316 et
1170 3253 1332 3332 Bohemie,
1365 3261 1424 3318 etc.

239 3343 350 3409 Fideli
372 3349 483 3408 nostro
508 3343 657 3426 religioso
680 3345 769 3426 patri
786 3344 1016 3408 Bonarenture
1040 3342 1163 3407 ordinis
1188 3342 1328 3408 fratrum
1353 3365 1425 3426 pre-

239 3434 422 3499 dicatorum
456 3434 562 3498 sancti
594 3433 767 3513 Dominici‚
800 3433 916 3498 abbati
948 3433 988 3498 de
1022 3433 1206 3515 Thapolcza
1229 3433 1368 3498 salutem
1391 3441 1422 3497 et

239 3525 391 3607 graciam.
425 3522 512 3606 Quia
544 3545 601 3588 nos
634 3524 722 3588 fideli
755 3530 866 3587 nostro
894 3523 1072 3588 venerabili
1097 3531 1130 3588 et
1154 3523 1304 3604 religioso
1327 3523 1424 3588 fratri

239 3615 385 3693 Matheo,
417 3613 533 3678 abbati
556 3615 661 3678 sancti
685 3613 826 3677 Martini
849 3615 933 3678 sacri
957 3615 1077 3677 montis
1103 3613 1271 3676 Pannonio
1294 3613 1425 3678 commi·

238 3705 348 3782 simne,
381 3710 419 3767 ut
451 3704 519 3786 ipse
550 3703 697 3767 ordinem
720 3705 826 3768 sancti
850 3703 1021 3767 Benedicti
1046 3705 1167 3784 ubique
1191 3704 1368 3768 reformare
1391 3711 1423 3766 et

238 3795 281 3858 ad
320 3793 502 3875 regularem
541 3794 783 3858 observanciam
823 3793 986 3872 reducere,
1025 3803 1125 3876 atque
1158 3800 1226 3857 tam
1259 3793 1300 3856 ad
1333 3792 1424 3856 illam

240 3884 522 3967 Thapolczensem,
546 3906 645 3966 quam
668 3885 771 3948 eciam
794 3884 835 3946 ad
859 3884 941 3948 alias
964 3906 1074 3948 omnes
1098 3884 1246 3948 ecclesias
1271 3883 1424 3946 abbacia-

238 3976 293 4055 les,
317 3975 424 4039 ubivis
448 3975 538 4038 intra
561 3975 721 4039 ambitum
746 3974 843 4038 huius
875 3974 968 4053 regni
1000 3976 1102 4038 nostri
1131 3974 1316 4052 existentes
1340 3973 1424 4054 prio·

238 4087 290 4128 res
323 4086 379 4128 seu
413 4064 551 4128 abbates
583 4063 664 4127 bone
697 4066 763 4127 vite
787 4115 794 4126 .
818 4113 856 4128 ..
892 4064 1044 4128 ordinare
1084 4071 1116 4127 et
1155 4064 1352 4126 constituere
1391 4071 1424 4127 et

238 4156 379 4236 insuper,
411 4155 439 4218 si
472 4175 553 4235 rums
585 4153 694 4232 fuerit,
729 4154 847 4216 iratres
881 4155 961 4226 illos,
993 4154 1101 4236 siqui
1126 4153 1210 4216 forte
1242 4152 1421 4218 scandalosi

238 4251 353 4323 essent,
385 4253 417 4307 et
442 4243 624 4324 regularem
657 4245 899 4308 observanciam
932 4251 1043 4306 tenere
1077 4243 1207 4320 nollent,
1241 4265 1280 4306 cx
1303 4242 1423 4308 eisdem

239 4356 410 4414 removere,
434 4341 467 4397 ct
500 4332 580 4396 alios
612 4334 681 4397 loco
714 4355 825 4397 eorum
858 4335 901 4398 ad
933 4335 1019 4416 ipsas
1052 4333 1201 4397 ecclesias
1239 4332 1422 4398 abbaciales

239 4425 412 4507 imponere,
451 4423 642 4504 cosdemque
675 4424 717 4488 ad
751 4424 924 4487 tenendam
960 4423 1142 4506 regularem
1181 4423 1422 4488 obserranciam

237 4523 350 4580 artare
383 4523 414 4578 et
447 4515 630 4594 astringere
663 4514 781 4580 debeat
814 4519 847 4576 et
880 4522 1050 4592 teneatur,
1084 4514 1156 4578 ideo
1189 4513 1343 4578 fidelitati
1367 4519 1422 4576 tue

239 4606 356 4674 har-mn
380 4606 461 4669 serie
486 4602 623 4670 tir-uum·
647 4604 854 4691 precipiendo
878 4604 1079 4684 mandamus,
1098 4605 1263 4690 quatinus,
1287 4603 1365 4670 dum
1389 4613 1421 4670 et
