3472 5494
458 484 476 520 a
500 483 621 522 uacuus
644 485 702 522 run.
726 483 856 522 nnurunr
879 483 932 524 roc
956 472 1183 526 coarsunrauuz.
1350 469 1412 526 273

143 671 144 675 ’
231 652 368 716 Justum
392 652 536 734 proinde,
561 660 594 717 et
618 675 759 736 aequum
780 663 836 733 est,
862 675 914 720 eos
932 655 966 718 in
983 654 1048 719 illis
1064 656 1255 734 conservari,
1273 663 1305 720 et
1321 679 1415 739 prae-

232 747 395 806 sentatum
419 743 603 825 episcopum
621 743 944 825 Trausylvaniensem
960 765 981 807 a
997 767 1090 810 sacra
1106 747 1180 810 sede
1197 745 1365 810 confimari
1382 753 1415 810 et

231 852 420 898 consecrarr.

783 952 809 1038 ξ.
834 961 863 1019 4.

340 1099 454 1164 Status
477 1099 652 1182 religionis,
677 1106 710 1164 et
733 1099 849 1164 salutis
874 1101 1058 1164 animarum
1077 1108 1181 1182 urget,
1208 1108 1245 1164 ut
1262 1102 1416 1166 dioecesis

233 1187 535 1272 Transylvaniensis
558 1209 578 1252 a
602 1210 677 1272 rege
706 1190 883 1272 apostolico
906 1190 1096 1272 dependeat.
1131 1189 1241 1255 Huius
1273 1198 1416 1256 assertae

233 1279 380 1343 veritatis
412 1278 663 1344 fundamentum
697 1285 753 1359 est,
787 1280 875 1362 quod
911 1280 1103 1359 sacerdotes,
1142 1281 1199 1364 qui
1237 1281 1272 1344 in
1312 1281 1416 1346 Tran-

232 1367 376 1450 sylvania
415 1367 511 1432 fidem
544 1369 737 1434 catholicam
769 1391 967 1449 conservare,
997 1377 1030 1434 et
1062 1371 1202 1434 salutem
1232 1370 1416 1436 animarum

232 1478 407 1540 procurare
429 1465 565 1540 possunt
589 1480 628 1522 ex
652 1459 750 1524 nullis
765 1459 839 1523 aliis
854 1460 1037 1543 provinciiS,
1062 1481 1161 1542 quam
1177 1481 1216 1522 ex
1232 1465 1303 1525 tota
1319 1461 1416 1524 Hun-

153 1543 156 1551 ’
232 1547 324 1630 garia
347 1549 512 1612 commode
546 1549 676 1613 valeant
709 1549 961 1630 subministrari,
987 1548 1073 1631 quod
1096 1549 1257 1632 probatur
1281 1551 1417 1614 rationi-

234 1638 293 1701 bus
317 1637 536 1720 sequentibus.

338 1731 389 1791 32.
400 1727 510 1791 Primo
521 1728 608 1792 enim
618 1733 747 1792 constat
758 1727 996 1809 Transylvanos
1007 1727 1149 1792 eiusdem
1161 1749 1234 1790 cum
1245 1727 1417 1810 Hungaris

233 1838 300 1881 esse
324 1817 466 1881 nationis
489 1818 632 1882 eiusdem
656 1817 792 1899 lingvae,
826 1838 909 1900 quae
943 1839 1016 1880 cum
1049 1817 1139 1881 nullo
1165 1817 1229 1882 alio
1262 1818 1417 1882 idiomate

233 1906 333 1970 habet
356 1906 561 1972 affinitatem.
586 1907 744 1989 Magnam
767 1907 847 1970 item
871 1906 999 1970 eosdem
1014 1906 1195 1970 adinvicem
1212 1907 1312 1972 habet
1327 1907 1417 1989 inge-

233 1997 362 2060 niorum
395 2003 428 2062 et
460 2019 587 2062 morum
619 1996 874 2061 similitudinem.
908 1996 1086 2062 Praeterea
1118 1997 1291 2068 arctiorem
1330 1997 1417 2061 inter

232 2085 374 2150 familias
398 2087 519 2150 multas
542 2087 698 2170 utrinque
727 2087 929 2167 cognationis
952 2087 1155 2150 intercedere
1178 2086 1417 2154 connexionem.

234 2174 383 2256 Denique
406 2176 640 2258 particularem
663 2175 840 2257 quamdam
866 2175 1049 2239 animarum
1078 2175 1348 2240 necessitudinem
1372 2176 1418 2238 vi-

235 2285 317 2348 gere,
340 2271 474 2348 propter
493 2266 681 2329 earumdem
704 2267 791 2328 inter
814 2266 969 2347 populum
994 2270 1172 2347 utrumque
1195 2266 1303 2346 legum
1327 2272 1417 2328 vetu-

233 2359 360 2434 statem,
381 2355 550 2437 aequalem
574 2355 811 2421 observantiam
837 2376 874 2418 ac
898 2355 1023 2418 cultum
1038 2354 1271 2436 legislatorum,
1288 2375 1327 2418 ex
1346 2355 1418 2436 qui-

233 2442 294 2507 bus
318 2444 499 2524 coniicitur,
532 2451 570 2507 ut
603 2445 636 2508 hi
668 2444 779 2528 populi
813 2445 1022 2527 quantumvis
1048 2444 1190 2508 diversas
1215 2445 1418 2508 const'tuant

234 2534 442 2616 respublicas,
476 2534 630 2598 maiorem
663 2541 772 2598 tamen
805 2534 893 2598 inter
925 2553 958 2597 se
991 2535 1114 2597 habent
1147 2535 1352 2615 negotiorum
1385 2541 1418 2597 et

234 2623 500 2688 commerciorum
533 2623 867 2703 communicationem,
901 2644 1000 2706 quam
1032 2646 1105 2686 cum
1139 2623 1306 2706 quibusvis
1345 2624 1418 2688 aliis

234 2713 347 2777 vicinis
379 2714 577 2778 nationibus.
609 2713 753 2778 Proinde
786 2735 825 2778 ex
849 2714 899 2777 his
923 2713 1005 2777 illud
1029 2734 1158 2796 quoque
1182 2713 1340 2794 sequitur,
1364 2735 1418 2776 ne-

234 2824 320 2867 cesse
335 2803 474 2882 videtur,
492 2810 529 2867 ut
546 2803 645 2868 iidem
660 2805 694 2866 in
706 2803 985 2886 Transylvaniam,
1003 2803 1133 2868 tametsi
1148 2801 1225 2866 fidei
1241 2803 1419 2867 catholicae

235 2899 268 2956 et
283 2893 450 2958 Romanae
466 2893 618 2957 ecclesiae
642 2894 777 2957 maximi
792 2913 906 2972 osoreS,
924 2893 1076 2974 Ungaros
1092 2892 1274 2956 sacerdotes
1291 2892 1419 2956 facilius

235 2984 301 3046 sint
316 2982 490 3047 admissuri
513 2983 545 3045 in
572 3004 664 3046 suam
687 2983 837 3064 patriam,
863 3004 962 3064 quam
982 2981 1128 3046 diversae
1152 2981 1233 3046 alias
1256 3003 1418 3066 personas,

235 3072 391 3152 cuiusque
423 3072 565 3135 nationis
597 3072 751 3152 homines,
785 3072 842 3153 qui
875 3071 1044 3135 catholicis
1076 3071 1262 3155 spiritualia
1295 3073 1420 3154 possint

234 3182 418 3243 procurare.

344 3255 395 3312 33.
419 3250 567 3316 Secundo
601 3250 694 3314 docet
719 3251 804 3314 idem
827 3251 925 3334 longa
949 3250 1158 3333 experientia.
1182 3250 1269 3314 Nam
1293 3271 1333 3313 ex
1356 3273 1419 3333 quo

237 3339 451 3421 Trausylvani
483 3340 525 3405 ab
558 3339 706 3422 Ungaria
738 3347 816 3404 sunt
848 3341 951 3421 divisi,
995 3340 1183 3404 haeresibus
1224 3340 1347 3417 infecti,
1387 3349 1419 3404 et

236 3430 386 3494 servituti
420 3429 579 3495 Turcicae
611 3429 758 3509 subiecti,
792 3451 855 3494 non
888 3431 945 3496 alii
977 3430 1024 3494 ibi
1057 3437 1290 3494 conservarunt
1321 3429 1420 3494 fidem

236 3520 457 3600 orthodoxam,
492 3541 589 3603 quam
616 3520 798 3584 sacerdotes
824 3541 864 3584 ex
891 3519 1039 3603 Ungaria
1065 3541 1100 3584 eo
1125 3519 1273 3601 proiecti,
1297 3518 1419 3602 absque

237 3610 302 3673 ullo
325 3611 391 3673 fere
416 3611 537 3674 auxilio
562 3610 727 3693 spirituali
749 3609 790 3673 ab
815 3611 888 3674 aliis
911 3610 1085 3693 provinciis
1108 3615 1250 3690 accepto.

345 3705 395 3762 34.
421 3701 533 3764 Tertio
557 3701 723 3782 regulares
739 3699 932 3780 sacerdotes,
958 3700 1015 3782 qui
1031 3700 1072 3764 ab
1089 3699 1183 3762 annis
1200 3698 1420 3780 compluribus

237 3789 270 3852 in
303 3789 439 3853 dioecesi
473 3789 757 3871 Transylvaniensi
790 3788 929 3852 salutem
962 3790 1146 3854 animarum
1174 3794 1362 3852 constanter
1387 3795 1420 3851 et

237 3879 372 3942 solerter
387 3886 574 3960 procurant,
591 3880 772 3943 mittuntur
788 3879 867 3941 illuc
883 3899 923 3942 ex
938 3878 1121 3959 Hungaria.
1137 3875 1191 3942 Sic
1207 3884 1318 3960 patres
1333 3877 1421 3940 ordi-

238 3968 287 4031 nis
310 3969 415 4031 sancti
439 3969 609 4032 Francisci
634 3970 674 4033 de
698 3968 907 4033 observantia
930 3968 995 4030 tria
1020 3967 1142 4031 hahent
1167 3966 1214 4031 ibi
1247 3967 1420 4044 domicilia,

238 4057 360 4121 scilicet
383 4058 417 4120 in
441 4055 530 4127 Ozik.
546 4059 676 4123 Mihzaz
700 4064 733 4122 et
757 4056 895 4138 Saulozy
913 4051 955 4139 (Ρ)
973 4056 1103 4120 Horum
1118 4056 1262 4119 locorum
1279 4056 1421 4140 religiosi

238 4147 422 4228 dependent
438 4169 457 4211 a
473 4147 509 4210 P.
522 4147 678 4212 Ministro
688 4147 887 4211 Provinciali
898 4146 1100 4228 Hungariae.
1113 4145 1231 4209 Patres
1247 4145 1421 4211 Societatis

238 4235 320 4300 Jesu
330 4237 430 4300 etiam
445 4237 552 4302 tribus
568 4238 646 4302 locis
662 4243 833 4300 morantur
845 4236 880 4298 in
892 4235 1136 4317 Transylvania,
1152 4241 1280 4299 mutato
1294 4236 1420 4316 habitu,

238 4347 352 4410 nempe
367 4325 582 4408 Claudiopoli,
605 4326 714 4392 Albae
737 4325 859 4404 duliae,
884 4326 972 4389 etin
997 4322 1193 4407 Udvarhely,
1222 4325 1256 4388 in
1282 4345 1421 4408 quorum

238 4417 374 4499 singulis
398 4418 500 4481 scolas
524 4417 650 4498 docent,
675 4415 874 4500 parochialia
897 4415 1010 4479 munia
1033 4414 1275 4494 administrant,
1299 4422 1332 4478 et
1356 4415 1422 4478 alia

239 4512 392 4570 consueta
425 4507 597 4571 charitatis
622 4527 701 4588 erga
723 4505 886 4588 proximos
910 4503 1017 4569 officia
1041 4510 1200 4574 exercent,
1232 4504 1288 4568 sed
1311 4524 1421 4568 omnes

237 4596 285 4659 illi
302 4617 431 4679 quoque
447 4603 479 4660 et
495 4596 676 4660 mittuntur
692 4617 731 4659 ex
755 4593 912 4678 Ungaria,
936 4602 969 4659 ct
992 4593 1185 4677 dependent,
1208 4594 1258 4656 vel
1281 4591 1422 4657 maximo

283 4718 457 4765 onnnvhnrla
480 4731 497 4765 Δ
520 4732 548 4766 u.
572 4730 598 4766 x.
622 4729 742 4764 unorum
765 4728 815 4764 soe
839 4717 990 4766 roan-nna.
1281 4723 1312 4768 18
