3454 5492
337 441 378 501 50
830 446 1018 499 ouanvrtnrln

335 634 521 700 huiusmodi
553 634 740 716 responderi
779 631 928 697 faciendi.
967 633 1042 698 Non
1075 633 1283 698 obstantibus
1316 638 1428 696 nostra
1460 653 1518 713 per

335 747 435 808 quam
459 725 582 788 dudum
606 725 693 787 inter
716 723 781 786 alia
805 723 1004 786 decrevimus
1024 730 1057 787 et
1073 723 1316 800 declaravimus,
1334 722 1421 805 quod
1444 743 1518 804 pro-

335 816 472 879 visiones
497 820 556 877 aut
578 813 795 877 concessiones
819 834 876 876 seu
899 813 1066 891 mandata,
1080 813 1119 875 de
1135 813 1334 895 providendo
1351 812 1390 876 de
1407 811 1517 876 cathe-

337 905 479 969 dralium
511 902 716 966 ecclesiarum
749 903 996 967 canonicatibus
1020 908 1054 966 et
1075 903 1257 984 prebendis,
1278 921 1340 984 que
1364 923 1422 984 pro
1446 921 1518 982 per-

337 994 423 1059 sonis
456 992 657 1075 quibuslibet
680 992 707 1054 si
731 992 1051 1074 quartumdecimum
1084 1013 1139 1055 sue
1172 993 1270 1056 etatis
1303 1011 1424 1054 annum
1453 1012 1516 1053 non

336 1083 591 1165 complevissent,
626 1081 868 1163 quomodolibet
891 1087 1089 1161 emanarent,
1114 1082 1176 1145 nisi
1201 1083 1254 1161 eis,
1279 1081 1366 1162 quod
1389 1080 1460 1144 illos
1484 1079 1516 1142 in

336 1173 453 1237 minori
487 1177 575 1235 etate
607 1171 749 1254 recipere
781 1177 912 1254 possent
944 1193 1001 1254 per
1033 1171 1141 1236 sedem
1164 1171 1374 1253 apostolicam
1398 1170 1519 1251 specia-

335 1263 412 1327 liter
445 1281 630 1325 concessum
653 1259 746 1339 10101,
770 1261 892 1325 nullius
924 1268 1031 1325 essent
1064 1262 1189 1326 roboris
1215 1261 1264 1324 vel
1297 1260 1461 1337 momenti,
1485 1265 1519 1321 et

337 1353 538 1417 haberentur
561 1371 674 1432 prosus
697 1370 756 1432 pro
780 1349 918 1429 infectis,
942 1372 980 1415 ac
1005 1352 1203 1432 generalium
1229 1349 1462 1415 Lateranensis
1486 1353 1518 1410 et

338 1441 539 1507 Pictavensis
564 1440 781 1519 conciliorum,
806 1448 840 1505 et
864 1440 965 1506 felicis
991 1441 1225 1505 recordationis
1249 1439 1413 1505 Bonifaoii
1438 1459 1519 1520 pape

337 1529 439 1597 VIII.
463 1529 696 1612 predecessoris
720 1531 831 1609 nostri,
863 1551 921 1614 per
953 1551 1052 1613 quam
1084 1532 1301 1596 concessiones
1334 1527 1518 1592 huiusmodi

338 1621 377 1684 dc
402 1619 564 1683 fructibus
590 1619 806 1701 percipiendis
830 1621 864 1683 in
888 1620 1038 1684 absentia
1069 1621 1137 1685 sine
1168 1619 1374 1704 prefinitione
1398 1625 1519 1699 tempo·

338 1712 384 1774 ris
406 1709 476 1773 fieri
509 1709 733 1791 prohibentur,
766 1710 904 1790 aliisque
937 1710 1121 1792 apostolicis
1145 1732 1182 1774 ac
1206 1711 1239 1774 in
1265 1706 1519 1792 provincialibus

338 1806 371 1863 et
394 1799 595 1863 sinodalibus
625 1798 764 1862 comitiis
797 1799 894 1863 editis
926 1801 1131 1882 generalibus
1155 1801 1205 1863 vel
1228 1799 1422 1882 specialibus
1446 1818 1519 1860 con-

338 1889 567 1953 stitutionibus
591 1895 623 1951 et
647 1888 918 1968 ordinationibus
942 1910 1065 1954 necnon
1099 1890 1137 1953 de
1170 1897 1259 1954 00110
1292 1888 1520 1952 000001001010

338 1999 472 2042 0010010
489 1985 522 2041 01
539 1978 611 2041 01110
630 1978 839 2042 ecclesiarum
859 1979 1044 2043 huiusmodi
1063 1981 1255 2058 iuramento,
1275 1977 1520 2042 confirmatione

339 2068 523 2151 apostolica,
547 2068 596 2131 vel
621 2069 734 2148 quavis
766 2067 923 2132 firmitate
947 2069 1013 2133 alia
1035 2069 1206 2149 roboratis,
1232 2069 1368 2134 statutis
1392 2073 1426 2130 et
1448 2086 1521 2129 oon·

339 2158 577 2237 suetudinibus,
601 2158 701 2221 etiam
733 2159 759 2221 si
793 2159 832 2221 de
865 2159 930 2223 illis
963 2159 1129 2223 servandis
1152 2166 1185 2222 01
1209 2180 1273 2222 non
1306 2155 1521 2239 impetrandis

337 2249 458 2312 litteris
491 2254 605 2311 contra
637 2248 702 2327 illa,
735 2270 791 2311 seu
823 2248 897 2328 illis,
921 2250 961 2313 ab
986 2249 1050 2313 alio
1076 2250 1124 2312 vel
1149 2249 1221 2313 aliis
1245 2247 1438 2330 impetratis,
1462 2251 1520 2308 aut

339 2338 419 2402 alias
444 2337 650 2419 quovismodo
674 2338 839 2416 concessis,
856 2360 919 2402 non
945 2340 1066 2402 utendo
1092 2360 1225 2422 persone
1242 2340 1309 2421 ipse
1326 2335 1521 2400 nominande

339 2449 403 2490 non
435 2427 655 2509 prestitissent
688 2428 854 2507 hactenus,
887 2430 937 2492 vel
961 2450 1023 2500 eas
1038 2429 1071 2491 in
1095 2429 1244 2492 futurum
1274 2433 1421 2510 prestare
1445 2445 1519 2487 con·
1564 2429 1567 2438 '

339 2517 483 2598 tingeret
515 2517 743 2594 iuramentum,
777 2539 814 2581 ac
838 2519 1033 2599 specialibus
1056 2519 1105 2581 vel
1131 2518 1338 2599 generalibus
1362 2516 1401 2579 de
1426 2515 1520 2578 bene-

339 2607 421 2670 ficiis
445 2605 629 2670 huiusmodi
662 2607 758 2670 factis
790 2628 845 2670 seu
878 2608 1035 2671 faciendis
1059 2628 1187 2671 reserva
1190 2607 1343 2685 tionibus
1367 2626 1423 2668 seu
1448 2624 1521 2666 con-

374 2696 635 2759 11011011111001
602 2700 635 2758 01
667 2696 799 2760 ordinat
800 2696 929 2761 ionibus
965 2697 1158 2780 apostolicis,
1182 2719 1239 2779 per
1272 2717 1328 2759 000
1361 2693 1439 2758 edit'
1416 2703 1458 2757 110
1490 2700 1523 2755 01

340 2701 482 2856 edendis,
499 2786 538 2849 de
562 2785 682 2867 quibus
705 2786 815 2850 forsan
839 2788 986 2868 specialis
1003 2795 1036 2851 01
1055 2809 1205 2870 expressa
1229 2787 1350 2850 mentio
1374 2763 1520 2847 habebda

342 2876 481 2940 foretet
506 2897 587 2958 quas
611 2897 668 2957 pro
692 2877 848 2958 expressis
872 2878 987 2941 haberi
1011 2876 1344 2956 volumus,etillis1n
1362 2881 1522 2956 quantum

342 2964 472 3029 effectui
497 2966 697 3046 presentium
723 2966 965 3048 preiudicarent
985 2989 1041 3031 seu
1057 2967 1261 3049 preiudicare
1277 2971 1415 3048 possent,
1432 2969 1522 3025 motu

343 3064 374 3118 et
399 3055 535 3118 scientia
567 3055 722 3136 predictis
755 3056 947 3138 derogamus
980 3079 1017 3120 ac
1050 3057 1243 3139 derogatum
1276 3077 1342 3118 esse
1366 3054 1522 3118 volumus,

342 3145 515 3208 contrariis
555 3146 822 3227 quibuscunque3
861 3153 921 3210 aut
960 3147 987 3210 si
1020 3147 1121 3228 aliqui
1160 3147 1336 3228 apostolica
1371 3144 1420 3206 vel
1458 3142 1521 3206 alia

343 3236 458 3316 quavis
482 3235 688 3313 auctoritate,
712 3236 747 3297 in
770 3236 890 3298 eisdem
914 3237 1056 3300 ecclesiis
1074 3238 1108 3300 in
1125 3237 1295 3300 canonicos
1312 3236 1375 3299 sint
1393 3232 1524 3313 recepti,

343 3325 392 3388 vel
426 3331 463 3386 ut
492 3325 694 3405 recipiantur
726 3326 888 3404 insistant,
922 3347 978 3389 000
1011 3327 1038 3389 01
1071 3348 1168 3407 super
1200 3323 1437 3407 provisionibus
1461 3321 1523 3385 sibi

343 3414 509 3493 faciendis,
533 3413 573 3476 de
598 3413 782 3478 huiusmodi
796 3416 845 3477 vel
870 3417 942 3479 aliis
967 3417 1130 3480 beneficiis
1154 3415 1379 3479 ecelesiasticis
1403 3414 1437 3474 in
1461 3411 1524 3474 illis

343 3504 494 3586 partibus
519 3503 672 3584 speciales
695 3504 743 3567 vel
768 3507 934 3585 generales
959 3506 1044 3569 dicte
1069 3507 1153 3570 sedis
1176 3506 1226 3568 vel
1249 3506 1432 3587 legatorum
1456 3502 1524 3566 eius

342 3593 471 3657 litteras
487 3593 705 3674 impetrarint,
730 3594 828 3657 etiam
852 3596 880 3658 si
903 3616 960 3677 1101
984 3618 1037 3659 000
1061 3597 1102 3660 ad
1126 3596 1363 3672 inhibitionem,
1383 3612 1524 3655 reserva-

345 3684 466 3746 tionem
490 3688 522 3745 et
546 3683 713 3746 decretum
732 3684 782 3746 vel
806 3685 887 3747 alias
912 3686 1152 3767 quomodolibet
1178 3685 1221 3749 sit
1243 3705 1445 3767 processum,
1466 3687 1524 3744 aut

343 3773 370 3835 si
395 3773 569 3836 ordinariis
594 3780 627 3836 et
651 3773 802 3855 capitulis
835 3775 972 3856 prefatis
998 3776 1046 3838 vel
1080 3776 1247 3857 quibusvis
1281 3775 1352 3837 aliis
1385 3791 1524 3836 commu·

344 3863 431 3924 niter
445 3862 494 3926 vel
510 3862 647 3940 divisim,
673 3885 691 3925 a
716 3863 804 3927 dicta
828 3865 870 3926 sit
894 3865 967 3928 sede
991 3865 1166 3945 indultum,
1192 3865 1278 3947 quod
1303 3865 1343 3928 ad
1368 3861 1523 3942 receptio-

344 3974 418 4014 nem
441 3953 488 4015 vel
514 3953 727 4033 provisionem
752 3954 899 4034 alicuius,
926 3955 1076 4036 quodque
1101 3956 1246 4037 personis
1270 3976 1402 4018 suarum
1427 3951 1526 4014 ecole-

345 4043 466 4103 siarum
490 4042 662 4105 civitatum
679 4050 710 4105 01
727 4043 890 4107 diocesem
914 4065 977 4107 non
1001 4045 1228 4123 residentibus,
1248 4051 1281 4107 et
1304 4043 1361 4125 qui
1384 4042 1524 4124 primum

345 4131 545 4212 personalem
570 4132 780 4196 residentiam
806 4155 870 4197 non
893 4135 1039 4214 fecerint,
1063 4136 1097 4197 in
1122 4136 1240 4199 eisdem
1265 4135 1401 4209 fructus,
1417 4130 1525 4193 reddi-

363 4241 400 4282 us
424 4227 457 4282 et
479 4229 655 4302 proventus
688 4243 820 4286 suorum
852 4225 1082 4288 beneficiorum
1115 4225 1405 4289 ecclesiasticorum
1431 4220 1526 4282 01101-

345 4315 450 4373 011010
466 4310 499 4371 in
517 4310 665 4374 absentia
684 4314 831 4376 minimet
852 4321 1018 4394 eneautur,
1033 4324 1065 4379 et
1082 4316 1123 4379 ad
1141 4317 1174 4379 id
1191 4314 1347 4396 compelli,
1364 4319 1421 4376 001
1438 4311 1523 4391 quod

345 4399 507 4478 interdici,
531 4402 684 4482 suspendi
708 4403 757 4465 vel
780 4406 1053 4468 excommunicari
1076 4428 1139 4468 non
1164 4407 1295 4488 possint,
1310 4402 1460 4484 quodque
1486 4401 1525 4462 de

346 4489 530 4552 huiusmodi
554 4491 603 4553 vel
626 4492 699 4555 aliis
723 4493 886 4558 beneficiis
914 4497 1137 4559 ecclesiasticis
1170 4496 1211 4560 ad
1235 4515 1346 4557 eorum
1379 4492 1525 4555 collatio-

346 4601 427 4658 nem,
445 4578 667 4662 provisionem,
684 4585 968 4664 presentationem,
986 4585 1175 4648 electionem
1193 4581 1248 4647 seu
1265 4583 1411 4664 quamvis
1428 4582 1525 4645 0110111
