3458 5490
327 454 390 515 ma
822 458 1009 514 catartaria

325 667 546 729 personarum,
558 645 739 728 dignitatis,
750 646 902 724 muneris,
912 643 1147 727 amplitudinis
1158 642 1366 708 ecclesiarum
1376 640 1508 706 illarum

326 735 537 815 necessitatis
562 741 671 799 tamen
693 736 771 800 haec
788 741 886 799 erunt
902 734 995 799 nohis
1012 733 1258 817 diligentissime
1274 732 1508 797 consideranda

326 831 364 889 ut
379 825 553 907 videamus
580 825 700 908 quibus
724 846 795 889 eam
819 845 931 889 curam
951 825 1201 904 committamus,
1225 824 1305 906 quid
1320 824 1362 889 ab
1378 822 1509 886 illorum

324 937 421 999 opera
453 916 556 1000 possit
589 916 772 998 expectari3
807 915 893 998 quod
918 913 965 978 illi
990 914 1147 979 hactenus
1173 913 1325 979 dederint
1347 912 1508 995 specimen

324 1027 436 1070 earum
465 1006 636 1085 virtutum,
661 1005 780 1088 quibus
812 1006 975 1088 episcopos
998 1005 1164 1088 praeditos
1187 1025 1254 1068 esse
1278 1008 1425 1086 oportet;
1458 1001 1508 1064 his

324 1097 409 1160 enim
434 1095 531 1160 rebus
555 1095 618 1158 Dei
644 1095 749 1176 gloria
771 1102 872 1178 atque
896 1095 1080 1159 animarum
1096 1095 1183 1158 salus
1199 1093 1421 1158 constituitur.
1445 1091 1509 1154 His

324 1186 428 1269 igitur
460 1186 599 1268 cognitis
632 1191 664 1249 et
698 1183 806 1268 quoad
828 1183 900 1248 fieri
923 1185 1044 1268 poterit
1068 1185 1253 1268 exploratis,
1286 1184 1407 1265 optimo
1432 1187 1509 1246 tuae

324 1277 505 1340 maiestatis
529 1275 689 1341 desiderio
712 1275 846 1358 pietatis
868 1275 963 1358 pleno
987 1274 1196 1339 satisfaciam.
1235 1273 1362 1338 Datum
1385 1273 1509 1337 Romae

324 1365 410 1449 apud
435 1370 584 1430 sanctum
608 1364 746 1429 Petrum
770 1365 829 1429 sub
855 1365 976 1428 annulo
999 1365 1170 1448 piscatoris
1196 1364 1248 1429 die
1274 1363 1398 1427 decima
1416 1367 1509 1426 sexta

324 1455 515 1520 Decembris
539 1455 708 1520 millesimo
732 1455 992 1537 quingentesimo
1016 1455 1235 1538 octuagesimo
1260 1459 1382 1534 octavo,
1401 1453 1508 1534 ponti·

323 1545 440 1610 ficatus
465 1547 568 1611 nostri
592 1567 676 1610 anno
700 1550 827 1627 quarto.

1074 1632 1241 1700 Antonius
1265 1632 1462 1716 Buccapadi.

433 1799 468 1858 (Α
488 1793 616 1847 vatikani
635 1793 817 1847 leve'ltarban.
837 1793 997 1848 Armarium
1018 1802 1061 1847 44.
1079 1799 1108 1846 Τ.
1129 1801 1180 1860 29,
1201 1797 1221 1846 f.
1242 1796 1293 1856 56.)

844 2048 991 2117 XCVII.

765 2217 859 2276 1589.
883 2213 1002 2294 januar
1028 2217 1076 2276 la

324 2371 485 2436 Gesrroldo
501 2370 654 2436 biberuolr
670 2391 691 2435 a
708 2371 880 2455 kirtlyboa
895 2371 1030 2436 interea
1055 2369 1208 2434 iratribus
1240 2368 1351 2452 aseja·
1367 2389 1387 2433 u
1403 2374 1508 2434 sacnt-

323 2461 397 2525 sae'lr
413 2461 627 2544 dlldspoutjoit
643 2482 664 2526 a
679 2481 817 2545 mappar
841 2461 967 2545 birdlyr'
991 2460 1130 2544 repperi
1147 2460 1245 2543 jopia
1268 2460 1506 2543 uortuthoadlup.

432 2619 533 2686 Sacra
556 2643 706 2688 caesarea
729 2623 882 2706 majestas
906 2628 966 2686 etc.

431 2710 588 2796 Acceptis
612 2735 632 2777 a
655 2714 857 2778 sanctissimo
890 2713 1020 2777 domino
1053 2716 1163 2776 nostro
1195 2710 1309 2792 literis,
1335 2731 1416 2792 quas
1440 2730 1508 2772 ma·

323 2803 422 2884 jestas
447 2810 554 2867 vestra
578 2803 621 2867 ad
644 2805 854 2868 sanctitatem
878 2824 970 2866 suam
994 2802 1094 2883 dedit,
1122 2802 1156 2865 in
1183 2801 1302 2884 quibus
1326 2799 1368 2864 ad
1393 2820 1506 2864 novem

324 2892 472 2957 ecclesias
496 2893 699 2957 cathedrales
723 2895 815 2976 regni
834 2892 1030 2976 Hungariae
1052 2891 1283 2974 promovendos
1308 2890 1507 2969 nominabat,

323 2988 356 3046 et
379 2983 521 3066 acceptis
553 3003 666 3047 novem
699 3005 811 3048 earum
835 2982 1045 3066 processibus,
1071 2982 1175 3046 missis
1200 2982 1241 3046 ab
1265 2981 1506 3064 archiepiscopo

323 3072 482 3154 Bariensi,
506 3071 722 3138 beatitudinis
755 3094 833 3138 suae
866 3073 953 3157 apud
986 3074 1191 3156 majestatem
1214 3077 1355 3136 vestram
1381 3071 1506 3150 nuntio,

324 3183 453 3246 unaque
477 3163 516 3226 iis
540 3183 621 3246 quas
653 3165 806 3247 majestas
830 3171 939 3228 vestra
962 3163 1005 3230 ad
1028 3185 1080 3227 me
1103 3163 1242 3246 scripsit,
1276 3162 1370 3225 utin
1395 3182 1507 3224 earum

323 3252 532 3318 ecclesiarum
566 3254 770 3336 expeditione
802 3253 1027 3337 promovenda,
1051 3259 1161 3334 partes
1190 3273 1277 3316 meas
1310 3257 1343 3314 et
1376 3271 1507 3332 operam

322 3343 411 3427 apud
443 3343 653 3408 sanctitatem
685 3365 777 3408 suam
809 3345 1057 3426 interponerem,
1089 3343 1123 3407 id
1156 3341 1270 3406 statim
1300 3341 1507 3422 libenterque

323 3432 436 3497 eadem
459 3432 563 3496 sancti
581 3439 634 3496 ate
658 3454 717 3498 sua
741 3439 907 3497 annuente
931 3432 1116 3498 faciendum
1140 3433 1260 3512 curavi,
1280 3437 1318 3494 ut
1341 3431 1506 3514 majestati

323 3529 428 3587 vestre
461 3523 691 3604 satisfacerem,
727 3525 820 3606 cujus
854 3524 957 3588 literis
992 3523 1078 3588 illico
1113 3543 1302 3605 responsum
1334 3543 1398 3584 non
1431 3519 1506 3584 dedi
1551 3603 1553 3606 Ι

323 3613 604 3695 propterea,quod
628 3613 725 3696 hujus
750 3614 873 3696 negotii
898 3613 1113 3678 fundamenta
1136 3613 1247 3694 aliqua
1270 3612 1375 3696 jacere
1400 3611 1507 3692 cupie-

324 3702 408 3784 bam,
432 3702 531 3766 etad
564 3723 635 3766 eam
666 3703 837 3785 aliquanto
869 3704 990 3766 certius
1022 3703 1073 3766 his
1106 3702 1145 3766 de
1176 3702 1273 3766 rebus
1296 3699 1505 3784 perscribere,

324 3793 412 3876 quod
444 3814 531 3857 nuno
564 3793 671 3857 facere
704 3793 884 3876 aggredior.
917 3792 996 3856 Jam
1030 3793 1115 3856 enim
1139 3792 1196 3874 qui
1219 3792 1405 3857 sanctitatis
1429 3811 1505 3854 suae

323 3884 484 3948 maximus
508 3882 594 3947 zelus
619 3889 652 3946 et
676 3905 735 3966 pro
759 3883 1000 3948 conservatione
1024 3882 1189 3965 religionis
1213 3882 1247 3946 in
1271 3881 1326 3944 illo
1350 3901 1450 3964 regno
1474 3885 1506 3944 et

322 3979 461 4056 paterna
493 3975 664 4056 propensio
697 3994 774 4056 erga
807 3975 1010 4056 majestatem
1043 3978 1185 4037 vestram
1208 3973 1343 4055 ejusque
1366 3971 1506 4054 negotia,

323 4085 374 4128 res
397 4085 420 4126 a*
441 4085 492 4127 me
515 4063 595 4127 satis
618 4084 771 4146 prospere
793 4063 946 4129 inchoata
970 4069 1026 4127 est.
1058 4062 1145 4128 Nam
1177 4060 1363 4145 Stephanus
1386 4062 1506 4143 Feyer-

323 4154 417 4236 keuy,
441 4154 622 4236 majestatis
644 4159 770 4217 vestrae
793 4155 827 4217 in
851 4174 887 4218 eo
911 4172 1011 4234 regno
1035 4153 1265 4232 locumtenens,
1290 4151 1347 4233 qui
1372 4149 1507 4232 Vespri-

325 4244 455 4308 miensis
478 4243 609 4307 ecclesie
633 4249 712 4306 tunc
737 4250 888 4325 praeerat
907 4243 948 4307 ad
968 4243 1178 4323 Nitriensem,
1202 4241 1370 4306 Martinus
1393 4240 1505 4320 Pethe,

325 4335 381 4417 qui
414 4335 581 4418 episcopus
605 4333 774 4400 Vaciensis
806 4339 878 4397 erat
909 4333 953 4397 ad
976 4332 1221 4413 Varadiensem,
1253 4338 1287 4395 et
1320 4330 1506 4413 Stephanus

324 4423 498 4489 Mathessii
528 4445 632 4506 nuper
656 4422 866 4488 Oenadiensis
885 4423 994 4506 presul
1019 4423 1060 4487 ad
1080 4423 1273 4490 Vaciensem
1299 4427 1376 4485 sunt
1400 4426 1506 4484 trans-

324 4515 393 4594 lati,
416 4515 621 4596 aliorumque
645 4514 889 4596 episcopatuum
912 4513 1150 4596 expeditionem
1174 4533 1360 4595 prosequar,
1378 4511 1416 4575 de
1434 4511 1505 4594 qui-

324 4606 386 4672 bus
409 4627 485 4670 saue
502 4603 651 4668 omnibus
667 4611 754 4668 recte
771 4625 872 4688 spero,
893 4626 956 4668 uno
973 4608 1114 4687 exceptu.
1134 4603 1221 4668 Nam
1238 4623 1311 4666 cum
1329 4602 1505 4668 Francisco
