3454 5492
456 479 474 518 x
498 475 618 517 uxoria
643 476 701 516 xm.
725 471 855 518 xncrnnr
878 479 930 518 roo
954 467 1180 520 ronrrxnrtnnz.
1368 462 1408 520 95

228 647 355 716 Mathei
389 650 621 730 archiabbatis,
654 655 777 716 semota
810 651 897 714 omni
930 653 1096 717 occasione
1129 659 1162 718 et
1195 653 1409 736 subterfugio,

226 746 325 821 prout
348 741 522 824 superinde
545 741 648 805 lacius
673 741 820 806 fortassis
837 743 1125 808 reverendissimus
1141 745 1243 808 eciam
1260 744 1409 808 dominus

226 829 487 914 archiepiscopus
518 831 676 914 prelatus,
700 831 742 894 ad
765 831 959 914 peticionem
988 833 1089 915 ipsius
1116 833 1244 898 Mathei
1267 835 1405 914 abbatis,

226 918 315 984 vobis
348 921 478 1002 scribet,
511 921 663 985 accedere
688 927 721 984 et
745 922 924 1001 convenire,
948 921 1060 1004 ibique
1085 923 1197 988 taliter
1220 923 1260 986 de
1284 924 1408 988 ordinis

226 1009 459 1076 reformacione
491 1016 645 1092 tractare,
678 1011 854 1091 consulere,
878 1011 1060 1078 deliberare
1084 1019 1118 1077 et
1141 1012 1321 1098 providere,
1344 1035 1407 1079 non

226 1100 370 1166 curando
403 1101 606 1166 condiciones
637 1108 670 1166 et
703 1105 809 1166 status
843 1122 1123 1186 quorumcumque
1151 1103 1318 1184 abbatum,
1342 1105 1408 1168 sive

225 1189 375 1270 fratrum,
416 1192 607 1273 corrigendi,
647 1191 850 1270 emendandi,
889 1192 1115 1256 incarcerandi
1151 1201 1184 1258 et
1218 1192 1407 1276 deponendi,

224 1281 318 1344 iuxta
356 1282 527 1363 privilegia
560 1288 594 1346 et
633 1281 885 1346 constituciones
924 1281 1116 1364 pontificum
1154 1290 1255 1366 atque
1293 1304 1407 1366 regum

223 1371 397 1452 superinde
419 1371 550 1436 habitas
575 1377 608 1436 et
631 1372 815 1452 existentes
840 1373 1039 1436 auctoritate
1062 1373 1208 1456 capituli,
1232 1375 1406 1455 potestatis

224 1459 373 1525 habeatis
395 1461 598 1542 facultatem,
622 1461 909 1543 intelligamusque
933 1461 1118 1528 huiusmodi
1141 1463 1278 1546 capituli
1302 1464 1407 1528 celeb-

223 1551 384 1616 rationem
407 1572 472 1616 non
496 1551 622 1616 frustra
645 1551 767 1615 factam
786 1555 820 1614 et
835 1550 1035 1616 celebratam
1054 1552 1171 1633 fuisse3
1197 1553 1348 1636 quodque
1371 1555 1406 1618 in

223 1640 373 1709 omnibus
389 1641 543 1722 abbaciis
562 1642 759 1724 quicumque
775 1660 829 1704 eas
846 1646 989 1721 teneant,
1007 1641 1256 1708 reformaciones
1272 1643 1407 1726 faciant,

223 1731 344 1796 fratres
367 1733 461 1796 iuxta
484 1753 656 1796 numerum
680 1737 713 1794 et
737 1729 959 1795 condicionem
983 1732 1192 1797 ecclesiarum
1217 1741 1407 1799 conservent

223 1825 256 1884 et
288 1821 381 1886 iuxta
413 1821 560 1904 regulam
593 1821 742 1904 religiose
781 1821 901 1901 vivant,
940 1842 1016 1885 nam
1055 1823 1201 1906 alioquin
1234 1825 1407 1906 superinde

223 1909 375 1976 laciorem
408 1911 673 1976 informacionem
707 1909 854 1993 prefatus
887 1911 1083 1977 archiabbas
1123 1914 1228 1977 sancti
1265 1913 1406 1978 Martini

223 2003 356 2084 accepit,
383 2008 415 2065 et
439 2003 528 2066 vobis
552 2002 701 2084 apercius
715 2001 824 2082 vigore
847 2001 1091 2084 privilegiorum
1115 2004 1289 2085 superinde
1312 2004 1405 2069 habi-

223 2097 331 2154 torum
367 2092 556 2156 declarabit.
596 2088 700 2155 Aliud
732 2091 836 2172 igitur
873 2090 980 2154 iacere
1019 2093 1079 2157 sub
1110 2113 1194 2175 pena
1224 2095 1405 2159 amissionis

223 2185 256 2243 et
279 2181 474 2263 privacionis
498 2179 729 2245 beneficiorum
754 2187 935 2244 vestrorum
959 2203 1023 2246 non
1047 2184 1251 2265 presumatis,
1275 2205 1405 2266 presen-

222 2271 310 2335 tibus
342 2273 493 2354 perlectis
527 2271 694 2336 exhibenti
722 2271 893 2334 restitutis.
920 2269 1046 2336 Datum
1072 2269 1240 2355 Strigonii‚
1264 2275 1298 2337 in
1322 2273 1405 2338 festo

222 2359 312 2424 beati
335 2361 447 2426 Prisce
470 2362 606 2443 virginis
630 2366 662 2424 et
686 2359 841 2440 martiris,
864 2382 950 2424 anno
975 2361 1097 2426 domini
1123 2363 1292 2428 millesimo
1310 2365 1404 2447 quin·

222 2452 398 2532 gentesimc
422 2451 574 2534 vigesimo
597 2451 743 2534 septimo.

329 2610 364 2670 (A
384 2609 594 2662 suant-martoni
615 2607 763 2678 ibapatsag
781 2610 982 2664 leve'ltdraban.
1003 2617 1045 2663 21.
1068 2627 1157 2680 capsa,
1178 2615 1231 2674 W.)

726 2863 895 2932 LXXIV.

617 3031 710 3092 1527.
734 3028 934 3109 szeptember
960 3032 1010 3091 24.

220 3189 474 3255 [Fordindnd
505 3189 729 3274 folyonroddso
752 3211 773 3256 n
793 3189 947 3272 ruptone
980 3189 1142 3255 Zolobdri
1170 3190 1291 3256 ramas
1316 3212 1401 3256 cesa-

468 3281 576 3362 prdnu'
596 3281 726 3362 ptispo'lr
752 3283 969 3364 depressisse
995 3280 1148 3363 tippe'ben.

326 3443 519 3507 Beatissime
542 3448 637 3526 pater
662 3443 790 3506 domine
814 3441 1045 3508 colendissimo
1077 3438 1401 3506 Commendacionem

219 3552 256 3594 ac
279 3530 388 3596 filialis
412 3532 619 3599 observantie
643 3533 835 3597 continuum
859 3533 1104 3596 incrementum.
1129 3531 1219 3596 Ante
1235 3532 1295 3596 hoc
1311 3533 1400 3597 bien·

218 3622 309 3685 nium
325 3629 462 3687 vacante
486 3623 673 3706 episcopatu
690 3622 940 3706 Wesprimiensi
962 3644 1020 3705 per
1044 3623 1293 3686 translacionem
1311 3643 1400 3686 rere-

218 3711 311 3775 rendi
343 3711 442 3776 Pauli
474 3713 513 3776 de
537 3712 652 3779 Varda
683 3713 726 3776 ad
759 3711 926 3777 ecclesiam
950 3711 1154 3796 Agriensem
1178 3712 1399 3777 serenissimus

217 3822 382 3886 precessor
406 3807 439 3866 et
463 3804 605 3867 sororius
637 3824 727 3866 meus
759 3801 946 3866 Ludovicus
969 3824 1026 3867 rex
1051 3802 1264 3866 reverendum
1297 3802 1398 3867 domi-

218 3914 296 3955 num
321 3891 479 3957 Thomam
503 3893 542 3956 de
566 3892 731 3958 Zalahaza
757 3891 986 3956 cancellarium
1012 3913 1118 3956 meum
1143 3897 1175 3956 et
1198 3892 1399 3974 prepositum

216 3979 421 4064 Agriensem‚
445 3983 630 4066 episcopum
654 3982 951 4065 Wesprimienscm,
976 3983 1175 4046 auctoritate
1198 3982 1280 4064 regii
1302 3983 1398 4064 juris-

216 4077 410 4154 patronatus
443 4079 619 4152 creaverat,
652 4072 743 4136 ouius
776 4071 908 4154 quidem
941 4071 1145 4154 episcopatus
1168 4073 1398 4154 possessionem

216 4161 316 4226 habet
348 4161 535 4245 pacificam;
568 4163 623 4226 sed
658 4162 744 4245 quod
768 4183 787 4226 a
811 4161 988 4227 sanctitate
1016 4167 1124 4226 vestra
1156 4167 1190 4224 et
1221 4162 1398 4244 apostolica

216 4251 299 4332 sede,
324 4252 417 4316 cuius
441 4274 566 4336 semper
589 4252 655 4315 fuit
678 4251 990 4332 observantissimus,
1014 4250 1295 4316 confirmacionem
1318 4274 1398 4316 non·

216 4342 293 4404 dum
317 4342 470 4423 obtinuit,
504 4343 539 4406 in
562 4363 660 4407 causa
684 4342 818 4406 fuerunt
843 4348 1025 4423 temporum
1059 4340 1287 4420 difficultatem
1321 4365 1397 4408 nam

216 4452 296 4514 quos
320 4433 455 4498 ecclesia
478 4454 536 4497 sua
561 4431 708 4496 redditus
732 4432 857 4511 habuit,
882 4431 915 4494 in
939 4431 1064 4495 alendis
1087 4451 1146 4514 pro
1171 4431 1263 4513 regni
1287 4432 1397 4496 defen-

215 4523 303 4586 sione
327 4521 487 4587 militibus
511 4529 543 4587 et
567 4524 600 4586 in
625 4522 788 4586 funestam
811 4521 986 4604 superioris
1011 4522 1089 4585 anni
1112 4528 1227 4585 contra
1248 4520 1395 4587 Thurcas

215 4611 455 4695 expedicionem
480 4618 557 4676 sunt
581 4613 756 4696 absumpti,
788 4611 925 4694 reliquie
949 4631 1024 4676 vero
1047 4610 1216 4675 fructuum
1241 4618 1274 4676 et
1297 4612 1395 4677 bono
