3436 5500
448 465 466 500 a
491 463 611 500 uaeris
635 463 694 502 xvc.
720 463 849 503 vacrum
873 463 924 502 roo
949 451 1175 503 summanum.
1360 443 1399 502 15

216 636 297 698 tiam
321 635 422 717 ipsius
446 635 595 717 episcopi,
612 635 669 717 qui
693 641 726 697 et
750 642 829 698 tunc
853 642 987 717 propter
1010 627 1195 698 huiusmodi
1219 629 1400 716 periculum

218 727 251 788 in
276 725 373 789 dictis
397 724 547 807 partibus
571 725 720 804 residere,
745 733 777 788 et
801 725 952 806 regimini
976 724 1120 787 ciusdem
1144 723 1284 802 ecclesie,
1302 728 1400 806 prout

219 815 247 878 ei
272 815 474 897 expediebat,
499 814 687 877 nullatenus
712 815 838 878 utiliter
861 813 1026 896 presidere
1049 819 1186 894 poterat,
1206 813 1401 895 multiplicia

216 911 250 966 et
283 925 401 986 magna
434 905 708 968 sustinuisset-et
740 906 941 969 incessanter
980 903 1156 966 sustineret
1194 903 1402 982 detrimenta,

217 993 300 1058 hone
324 995 476 1058 memorie
500 994 677 1058 Baldassar
693 995 861 1076 episcopus
886 993 1100 1071 Tusculanae,
1117 993 1151 1055 in
1167 1014 1225 1056 sua
1249 993 1401 1057 obedien-

219 1085 266 1146 tia
283 1084 321 1147 de
340 1105 405 1166 qua
421 1090 531 1164 partes
555 1083 610 1146 ille
635 1091 729 1146 erant
754 1091 832 1147 tunc
856 1082 879 1146 d
884 1083 1026 1146 ohannes
1042 1081 1187 1146 XXIII.
1206 1083 1401 1161 nominatus,

216 1174 317 1238 etiam
351 1174 390 1237 de
423 1173 524 1254 ipsius
558 1170 692 1253 Georgii
719 1173 858 1255 episcopi
882 1173 1051 1235 voluntate
1075 1179 1107 1236 et
1131 1192 1298 1250 consenso,
1323 1172 1401 1235 dile-

217 1269 307 1326 ctum
330 1263 434 1326 filium
459 1269 608 1326 nostrum
632 1262 800 1326 Brandam
825 1262 915 1326 tituli
945 1262 1050 1325 sancti
1067 1260 1245 1326 Clementis
1278 1261 1400 1344 presbi-

218 1358 324 1416 terum
357 1352 556 1416 cardinalem
588 1352 689 1434 ipsius
714 1353 845 1428 ecclesie
868 1351 1166 1415 administratorem
1189 1351 1224 1413 in
1248 1351 1401 1434 spiritua-

218 1441 303 1505 libus
328 1446 361 1504 et
385 1440 619 1524 temporalibus
642 1462 745 1524 usque
769 1443 811 1505 ad
837 1441 1012 1523 apostolice
1035 1441 1119 1505 sedis
1152 1441 1401 1522 beneplacitum,

217 1553 274 1614 per
307 1553 381 1594 suas
415 1532 543 1595 litteras
577 1531 749 1594 constituit
772 1539 805 1595 et
829 1533 929 1595 etiam
961 1531 1140 1612 deputavit,
1173 1531 1281 1594 volens
1315 1531 1401 1594 inter

218 1621 291 1699 alia,
326 1621 412 1704 quod
438 1623 464 1684 si
491 1628 524 1684 et
549 1622 791 1702 quamprimum
825 1622 932 1684 dictus
965 1617 1126 1702 Georgius
1159 1621 1326 1702 episcopus
1359 1620 1401 1684 ad

217 1711 362 1792 prelatas
395 1718 505 1792 partes
537 1710 669 1790 rediret,
690 1717 722 1774 et
747 1711 808 1793 ipsi
842 1711 973 1775 ecclesie
1008 1711 1133 1773 utiliter
1166 1729 1204 1772 ac
1236 1709 1402 1774 fructuose

217 1821 342 1882 preesse
381 1807 496 1882 posset,
537 1800 722 1864 huiusmodi
760 1801 1055 1865 administrationis
1094 1799 1237 1863 officium
1272 1801 1402 1881 penitus

219 1891 393 1972 expiraret,
410 1897 509 1973 prout
526 1891 559 1952 in
577 1891 653 1971 ipsis
672 1891 792 1954 litteris
811 1891 938 1972 plenius
963 1891 1157 1954 continetur.
1182 1887 1265 1953 Oum
1290 1890 1402 1970 itaque

216 1980 422 2062 postmodum
456 1980 631 2062 episcopus,
664 1980 706 2043 ad
731 1980 859 2043 easdem
883 1985 993 2062 partes
1026 2001 1090 2042 non
1124 1999 1278 2057 reversus,
1313 1979 1400 2061 apud

218 2070 340 2133 dictam
373 2070 481 2133 sedem
513 2069 614 2132 fuerit
639 2070 705 2132 vita
730 2070 872 2148 iunctus.
906 2089 1029 2133 necnon
1054 2068 1230 2132 cardinalis
1253 2069 1402 2150 prefatus

217 2161 453 2238 constitutioni,
478 2159 684 2240 deputationi
709 2165 742 2222 et
765 2159 1060 2223 administrationis
1084 2157 1191 2221 officio
1215 2158 1402 2222 huiusmodi

218 2251 252 2312 in
276 2249 426 2312 manibus
460 2249 578 2312 nostris
612 2254 726 2330 sponte
760 2250 902 2328 cesserit,
936 2269 1058 2330 nosque
1092 2248 1265 2311 cessionem
1299 2249 1401 2330 ipsam

218 2339 406 2402 duxerimus
438 2338 687 2417 admittendam,
721 2344 753 2401 et
785 2345 958 2421 propterea
982 2337 1072 2401 dicta
1096 2337 1230 2400 eeclesia
1253 2357 1310 2419 per
1334 2338 1402 2401 obi-

218 2435 289 2492 tum
314 2429 457 2491 eiusdem
482 2426 617 2509 Georgii
641 2429 782 2509 episcopi
805 2428 893 2510 apud
918 2428 1025 2491 sedem
1053 2427 1158 2509 ipsam
1181 2428 1346 2491 vacaverit
1370 2433 1401 2490 et

219 2523 311 2581 vacet
335 2518 377 2581 ad
401 2539 541 2600 presens,
567 2517 741 2600 nullusque
765 2524 876 2600 preter
899 2540 956 2581 nos
980 2517 1020 2580 de
1044 2517 1113 2580 eius
1137 2517 1318 2599 provisione
1343 2517 1402 2580 hac

218 2609 286 2670 vice
320 2629 352 2671 se
384 2608 605 2672 intromittere
638 2608 783 2688 potuerit
817 2609 882 2670 sive
915 2608 1024 2689 possit,
1063 2627 1121 2689 pro
1157 2627 1192 2668 eo
1226 2607 1312 2689 qnod
1346 2629 1402 2669 nos

220 2697 343 2760 dudum
376 2704 452 2760 ante
482 2699 684 2761 vacationem
717 2697 902 2760 huiusmodi
935 2697 1131 2779 provisiones
1165 2697 1402 2760 cathedralium

217 2787 426 2850 ecclesiarum
460 2788 604 2850 omnium
639 2793 717 2850 tunc
750 2787 837 2869 apud
871 2787 1051 2868 predictam
1083 2786 1191 2849 sedem
1216 2787 1402 2849 vacantium

217 2883 250 2939 et
284 2877 317 2939 in
351 2884 448 2940 antea
481 2884 713 2940 vacaturarum
751 2876 951 2940 ordinationi
985 2883 1017 2939 et
1051 2876 1254 2958 dispositioni
1293 2883 1402 2938 nostre

219 2972 430 3044 reservantes,
457 2967 657 3030 decrevimus
681 2973 801 3029 extunc
825 2967 956 3029 irritum
981 2973 1013 3029 et
1037 2967 1134 3028 inane
1150 2966 1177 3027 si
1193 2987 1283 3029 secus
1307 2988 1403 3046 super

219 3056 281 3119 hiis
304 3078 361 3137 per
386 3077 594 3139 quoscunque
620 3057 732 3138 quavis
757 3056 956 3120 auctoritate
980 3055 1120 3118 scienter
1139 3055 1188 3116 vel
1213 3057 1403 3136 ignoranter

217 3145 423 3227 contingeret
440 3147 650 3228 attemptari,
675 3167 731 3208 nos
755 3146 797 3209 ad
822 3146 1036 3227 provisionem
1061 3144 1192 3208 ecclesie
1217 3143 1402 3208 huiusmodi

217 3235 355 3298 celerem
372 3242 403 3299 et
419 3236 555 3314 felicem,
581 3258 619 3299 ne
637 3235 770 3298 ecclesia
795 3236 865 3316 ipsa
889 3235 1042 3316 longioris
1064 3235 1242 3298 vacationis
1267 3256 1402 3317 expone-

218 3331 311 3387 retur
335 3325 554 3404 incommodis,
578 3325 726 3407 paternis
743 3332 775 3389 et
792 3325 926 3388 solicitis
950 3324 1068 3388 studiis
1092 3324 1309 3403 intendentes,
1332 3331 1401 3405 post

218 3414 488 3479 deliberationem
512 3437 611 3496 quam
636 3415 674 3478 de
698 3414 895 3496 preficiendo
931 3415 1035 3478 eidem
1069 3414 1200 3477 ecclesie
1232 3436 1401 3496 personam

219 3505 333 3568 utilem
358 3510 391 3567 et
415 3506 515 3568 etiam
549 3505 752 3568 fr'uctuosam
786 3527 859 3568 cum
891 3487 1052 3568 iratribus
1086 3505 1204 3568 nostris
1228 3504 1403 3568 habuimus

218 3593 417 3676 diligentem,
450 3595 579 3658 demum
603 3595 645 3658 ad
670 3599 711 3671 te,
746 3595 779 3656 in
803 3593 985 3658 sacerdotio
1018 3594 1243 3672 coustitutum,
1277 3596 1329 3656 cui
1364 3595 1403 3656 de

219 3683 392 3748 nobilitate
417 3686 551 3766 generis
576 3684 762 3747 litterarum
787 3685 931 3762 scientia,
956 3685 1021 3746 vite
1038 3684 1209 3762 munditia,
1234 3683 1403 3747 honestate

220 3795 354 3852 morum,
387 3774 609 3856 spiritualium
642 3773 847 3854 providentia
881 3781 912 3836 et
947 3774 1175 3854 temporalium
1211 3773 1403 3854 circumspe-

217 3864 334 3942 ctione,
359 3863 496 3945 aliisque
520 3864 750 3945 multiplicium
775 3865 935 3926 virtutum
953 3862 1045 3927 donis
1061 3864 1148 3946 apud
1166 3885 1222 3926 nos
1238 3862 1402 3944 fidedigna

219 3955 406 4017 testimonia
429 3954 653 4035 perhibentur,
678 3953 856 4016 direximus
873 3953 980 4017 oculos
997 3961 1106 4016 nostre
1122 3953 1256 4033 mentm,
1285 3953 1403 4035 quibus

219 4043 370 4108 omnibus
394 4043 506 4108 debita
531 4043 743 4106 meditatione
767 4043 920 4124 pensatis,
938 4043 976 4105 de
1001 4064 1137 4125 persona
1162 4049 1229 4122 tua,
1253 4044 1346 4107 uobis
1370 4052 1402 4106 et

218 4132 339 4196 eisdem
364 4133 535 4196 friatribus
559 4133 598 4196 ob
625 4133 787 4196 dictorum
821 4139 952 4195 tuorum
986 4133 1182 4215 exigentiam
1212 4133 1403 4196 meritorum

220 4229 362 4303 accepta,
395 4223 445 4305 psi
469 4223 602 4286 ecclesie
626 4223 665 4285 de
690 4223 855 4285 dictorum
879 4222 1021 4285 fratrum
1046 4222 1179 4286 consilio
1202 4224 1403 4287 auctoritate

218 4313 395 4393 apostolica
429 4313 642 4396 providemus,
677 4318 773 4392 teque
807 4311 856 4374 illi
890 4311 1074 4393 preficimus
1100 4314 1133 4376 in
1163 4313 1347 4395 episcopum
1371 4323 1403 4376 et

219 4408 390 4482 pastorem,
424 4423 536 4466 curam
570 4409 602 4464 et
635 4401 955 4465 administrationem
988 4402 1090 4484 ipsius
1123 4402 1255 4466 ecclesie
1284 4402 1344 4465 tibi
1370 4405 1401 4465 iu

219 4491 447 4570 spiritualibus
467 4499 499 4554 et
520 4491 752 4574 temporalibus
777 4491 922 4572 plenarie
947 4492 1196 4570 committendo,
1221 4494 1254 4555 in
1275 4493 1330 4555 illo
1347 4494 1403 4574 qui

219 4579 279 4644 dat
303 4583 426 4662 gratias
451 4588 482 4645 et
507 4583 648 4664 largitur
672 4582 795 4663 premia
821 4579 1028 4660 confidentes,
1055 4582 1140 4664 quod
1165 4581 1252 4646 dicta
1271 4583 1403 4645 ecclesia
