3436 5500
433 485 452 524 a
475 483 598 524 1111111
620 467 1165 524 1111.1111111111111111111111.
1246 533 1249 540 ,
1368 456 1393 508 V

198 657 279 721 liter
313 655 511 739 congregati,
545 653 608 719 tibi
631 654 812 718 venerabili
836 653 966 720 domino
991 653 1114 720 Thome
1137 653 1177 719 de
1200 654 1393 720 Debrenthe

198 747 366 830 preposito
400 745 533 810 maioris
565 744 697 808 ecclesie
723 741 996 826 Wesprimiensis,
1021 744 1161 808 salutem
1185 750 1218 810 et
1242 743 1392 809 dileccio-

201 857 284 900 nem.
304 833 514 902 Venerabilis
538 834 632 913 nobis
657 833 782 896 dilecte.
803 833 949 914 Expedit
972 840 1082 898 nostre
1106 833 1283 918 prudencie
1306 834 1393 899 inter

200 925 268 990 alia
291 921 592 1006 circumspeccionis
616 928 727 986 nostre
759 943 865 1004 opera,
900 930 1024 986 statum
1058 923 1266 988 ecclesiarum
1300 923 1392 1006 regni

200 1013 305 1078 nostri
330 1013 514 1096 Hungarie,
533 1013 567 1078 in
592 1012 712 1095 quibus
736 1013 879 1076 maxima
903 1033 979 1094 pars
1003 1019 1071 1076 tam
1099 1013 1202 1080 tutele
1226 1021 1258 1078 et
1282 1012 1392 1078 defen-

199 1103 310 1184 sionis,
334 1125 433 1185 quam
456 1123 534 1167 oure
551 1107 584 1166 et
601 1101 768 1185 regiminis
792 1101 935 1166 eiusdem
959 1101 1116 1183 consistit,
1140 1104 1296 1168 continua
1320 1123 1393 1186 pro-

199 1193 324 1258 visione
357 1199 390 1256 et
423 1197 518 1256 tanto
551 1191 585 1255 i'n
619 1211 730 1256 earum
761 1197 903 1256 rectores
927 1191 1012 1256 viros
1036 1197 1143 1257 status
1167 1197 1200 1256 et
1224 1191 1392 1258 facultatis

200 1281 362 1366 dignioris
387 1281 565 1348 studiosius
580 1277 709 1364 'eligere
731 1285 766 1344 et
790 1281 956 1364 deputare,
990 1287 1151 1364 quantum
1185 1281 1301 1348 exinde
1324 1303 1392 1348 cre·

204 1373 311 1437 dimus
334 1371 397 1454 ipsi
420 1391 519 1454 regno
544 1377 655 1434 nostro
678 1369 845 1454 amplioris
869 1370 1024 1436 utilitatis
1049 1366 1111 1454 (et)
1135 1369 1304 1452 commodi,
1327 1392 1391 1439 non

204 1462 311 1528 minus
335 1462 370 1526 in
394 1461 496 1544 ipsius
519 1459 706 1526 defensione
732 1481 830 1546 quam
858 1460 947 1543 pacis
980 1459 1225 1526 conservacione
1253 1459 1392 1550 ¹uberius

203 1550 391 1635 procurari3
424 1556 496 1614 tum
529 1550 641 1632 itaque
656 1626 658 1641 s
674 1549 736 1615 hiis
769 1549 895 1614 inducti
927 1548 1137 1634 respectibus,
1166 1556 1238 1618 tum
1262 1550 1391 1631 etenim,

198 1663 309 1724 ymmo
347 1639 515 1724 potissime
554 1639 620 1702 tuis
658 1639 809 1724 pluribus
846 1637 991 1722 undique
1029 1639 1170 1723 vulgatis
1202 1638 1392 1722 virtutibus,

200 1731 324 1814 quibus
356 1729 538 1802 cottidiana
571 1729 818 1793 conversacione
842 1734 874 1793 te
908 1729 977 1794 fore
1008 1730 1156 1795 novimus
1188 1729 1391 1812 insignitum,

203 1826 239 1885 et
262 1819 383 1884 eisdem
407 1817 622 1900 exigentibus,
655 1817 784 1883 alcioris
813 1813 986 1900 dignitatis
1010 1819 1134 1902 apicem
1158 1825 1191 1884 et
1214 1820 1392 1902 promocio-

203 1909 254 1974 nis
273 1948 275 1956 ·
293 1909 505 1992 promereris3
552 1907 765 1972 nihilominus
804 1908 906 1972 eciam
946 1909 1188 1982 considerantes
1228 1916 1320 1974 tuam
1359 1916 1392 1976 et

200 1999 347 2088 fratrum
370 2003 504 2062 tuorum
528 1996 588 2066 alti
611 1997 738 2079 generis
763 2001 795 2062 et
811 1993 1004 2064 'nobflitatis
1036 1999 1230 2082 prosapiam,
1264 2019 1329 2081 qua
1352 2020 1392 2064 ex

201 2095 355 2172 poscente
372 2093 404 2152 et
423 2087 619 2170 requirente,
636 2087 907 2172 promocioneque
923 2093 1036 2152 nostra
1052 2095 1274 2168 concurrente,
1291 2109 1391 2172 regno

205 2185 315 2244 nostro
348 2182 505 2261 pretacto,
538 2175 631 2242 cuius
664 2177 847 2242 membrum
880 2176 1001 2257 existis,
1035 2177 1142 2259 quoad
1175 2178 1225 2242 sui
1252 2177 1391 2246 tutelam
1478 2231 1482 2244 .

200 2267 351 2347 efficeris,
392 2271 430 2329 ut
463 2265 634 2346 eredimus,
675 2265 765 2330 utilis
798 2265 1006 2350 subditisque
1038 2265 1261 2350 gubernandis
1294 2268 1391 2334 acin

205 2357 291 2422 viam
325 2353 441 2422 salutis
475 2355 653 2438 dirigendis
686 2355 775 2420 mitis
809 2362 842 2420 et
874 2355 1035 2438 benignus
1067 2355 1186 2440 diguus
1203 2406 1210 2421 .
1227 2403 1233 2420 .
1251 2352 1288 2440 .1)
1316 2378 1391 2422 oon-

201 2467 325 2529 gruum
356 2451 389 2510 te
422 2446 539 2510 merito
572 2445 614 2509 ad
650 2445 781 2510 alcioris
820 2444 993 2527 dignitatis
1032 2445 1191 2510 titulum.
1208 2495 1215 2510 .
1232 2441 1268 2527 .⁸)
1309 2446 1391 2514 serie

202 2537 405 2620 presencium
428 2530 656 2618 pollicemur,³)
682 2535 733 2598 uti
757 2535 994 2600 benemeritum
1015 2555 1179 2618 regnoque
1196 2537 1391 2602 111111111-

198 2633 351 2691 ctnosum
376 2631 409 2690 et
433 2624 475 2688 ad
499 2624 745 2707 adipiscendum
768 2625 955 2708 presulatus
979 2625 1175 2708 dignitatem
1198 2646 1257 2710 per
1281 2627 1390 2694 omnia

201 2715 344 2779 habilem
370 2721 402 2779 et
428 2713 653 2792 sufficientem,
686 2715 794 2796 prima
817 2714 968 2780 vaoancie
1000 2715 1233 2797 cuiuscumque
1258 2715 1389 2782 ecclesie

198 2805 386 2888 presulatus
418 2803 540 2868 honore
573 2803 744 2888 predotate
768 2805 801 2868 in
826 2807 975 2887 pretacto
999 2825 1098 2886 regno
1119 2803 1293 2888 Hungarie
1316 2809 1389 2888 post

200 2895 318 2958 harum
341 2893 583 2958 emanationem
605 2891 759 2976 primitus
783 2900 983 2973 occurrente,
1005 2900 1038 2958 et
1063 2901 1096 2959 te
1112 2893 1248 2959 eandem
1264 2894 1388 2962 deside-

198 2991 330 3048 rantem
354 2989 387 3048 et
412 2988 583 3066 acceptare
606 2983 776 3064 volentem,
793 2979 834 3046 'in
858 2984 1045 3068 episcopum
1061 2989 1094 3048 11
1109 2989 1274 3068 pastorem
1290 2983 1388 3052 huius

201 3079 355 3138 vacaturo
388 3071 529 3152 ecclesie,
561 3094 619 3155 pro
643 3071 708 3137 Dei
730 3073 829 3138 laude
852 3081 885 3138 et
908 3073 1029 3138 honore
1053 3095 1090 3138 11
1114 3073 1271 3154 utilitatis
1294 3074 1388 3158 regui

197 3163 305 3229 nostri
328 3160 503 3226 efficaciori
526 3170 692 3227 cremento
715 3160 793 3244 (sic)
815 3162 974 3228 adstatim
998 3162 1117 3246 eligere
1143 3167 1176 3228 et
1201 3162 1386 3230 huiusmodi

197 3253 405 3336 episcopatus
436 3251 568 3316 honoris
601 3251 781 3318 dominium
815 3252 876 3318 tibi
909 3253 1043 3320 realiter
1067 3258 1135 3318 toto
1160 3260 1272 3320 nostro
1294 3274 1385 3338 posse

195 3343 346 3408 conferre
369 3347 403 3404 11
425 3361 483 3423 per
515 3339 681 3406 dominum
713 3349 863 3408 nostrum
895 3364 1005 3426 regem
1038 3341 1178 3409 conferri
1209 3362 1384 3428 procurare

199 3453 237 3496 ac
260 3431 304 3496 ad
326 3451 364 3494 ea
389 3439 421 3494 te
444 3452 641 3514 promovere,
673 3429 878 3515 presencium
902 3431 1087 3498 testimonio
1112 3432 1283 3498 mediante.
1317 3431 1383 3498 Da-

200 3526 270 3585 tum
293 3521 328 3584 in
351 3519 485 3585 civitate
507 3517 669 3586 Pestiensi
702 3521 754 3586 die
787 3521 947 3588 dominico
979 3523 1126 3606 proximo
1159 3528 1232 3606 post
1263 3521 1383 3588 festum

197 3609 393 3674 ascensionis
417 3607 548 3690 domini,
580 3631 667 3675 anno
698 3611 844 3678 eiusdem
867 3611 1036 3678 millesimo
1061 3611 1383 3698 quadringentesimo

194 3699 445 3783 quadragesimo
469 3699 593 3783 quinto.

304 3857 341 3917 (A
361 3857 537 3907 szakadozott
555 3856 660 3908 eredeti
679 3857 797 3921 1111111,
825 3856 998 3910 tizcnhtrom
1025 3859 1270 3926 magtnpccsettel,
1296 3860 1381 3924 mely-

196 3930 244 3978 bol
262 3926 390 3993 negynek
428 3931 492 3978 csak
519 3932 600 3996 helye
628 3929 736 3994 latszik,
765 3930 887 3996 kdrepen
915 3945 946 3982 aa
970 3931 1162 3999 orsztgtantcs
1181 3929 1381 3998 1111111111

194 3997 537 4131 ἒξὲ1ἶ1γ4ἰθξῖτωεςε1
555 4000 702 4054 kcrmendi
721 4001 923 4057 inveteratas.
952 4004 1024 4056 Acta
1051 4001 1229 4059 miscellanea
1255 3999 1381 4054 familiae

305 4267 324 4328 ¹)
341 4267 396 4318 Ket
418 4268 463 4318 szt
483 4269 698 4320 olvashatatlan.

303 4340 324 4398 ’)
342 4337 470 4406 Mintegy
488 4337 527 4389 tiz
545 4341 590 4390 sao
607 4343 823 4394 olvashatatlan.

303 4410 324 4471 ⁸)
343 4413 404 4477 Egy
422 4411 466 4460 azo
484 4413 699 4464 olvashatatlan.
