3472 5494
504 433 523 472 1
546 433 668 473 uaeris
691 433 750 473 1111.
774 432 904 472 1111111111
927 431 980 472 roe
1002 417 1230 472 charaxantem.
1398 411 1462 472 263

277 605 361 670 nelle
384 604 471 668 dicte
495 602 708 687 d’Ungheria
733 603 840 668 danno
863 603 887 667 il
910 601 1067 685 suffragio
1083 603 1094 666 i
1110 603 1233 668 vescovi
1257 601 1340 666 delle
1359 603 1464 667 chiese

278 695 311 758 di
345 692 435 758 dette
466 693 640 777 provincie,
674 693 741 757 esi
765 693 894 757 vedesse
919 691 1009 774 quali
1032 692 1138 756 chiese
1161 692 1270 756 hanno
1300 698 1464 775 presente·

280 788 388 848 mente
412 783 546 866 bisogno
569 783 604 847 di
626 803 767 848 vescovo.
1154 819 1155 822 =

384 871 432 937 Le
455 871 614 956 diligenze
638 873 666 936 si
689 893 765 937 sono
788 871 873 936 fatte
889 891 948 935 con
964 871 1040 954 ogni
1057 874 1218 934 esattezza
1235 869 1309 934 nell'
1320 870 1463 935 archivio

277 961 460 1044 apostolico,
490 983 507 1026 e
530 983 595 1026 non
618 962 645 1026 si
669 967 686 1024 e
711 966 839 1026 trovato
872 960 906 1024 in
939 966 1028 1026 tutto
1053 959 1128 1042 quel
1152 966 1259 1043 tempo
1282 959 1464 1044 provisione

222 1129 223 1132 Ἴ
276 1051 395 1116 alcuna
426 1051 513 1116 latta
545 1053 565 1115 1
597 1052 819 1116 nominatione
856 1050 930 1114 dall’
963 1049 1169 1134 imperatore,
1208 1071 1297 1114 come
1329 1050 1356 1114 si
1387 1050 1463 1132 puel

276 1139 392 1204 vedere
424 1141 500 1206 dall'
524 1141 682 1224 aggiunto
716 1145 863 1205 estratto.
895 1139 933 1204 Ι]
957 1139 1071 1204 istessa
1101 1139 1263 1223 diligenza
1287 1141 1314 1204 si
1338 1144 1354 1204 e
1379 1139 1464 1204 fatto

276 1229 362 1312 negli
386 1229 449 1294 atti
476 1229 702 1310 consistoriali,
736 1236 768 1296 et
802 1230 835 1294 in
861 1230 922 1294 essi
945 1229 1129 1312 parimente
1152 1250 1217 1293 non
1242 1227 1269 1292 si
1293 1234 1309 1292 e
1335 1235 1463 1293 trovato

275 1319 385 1382 niente
417 1319 583 1385 conforme
616 1319 668 1384 all’
692 1320 853 1403 aggiunta
880 1324 967 1398 nota,
992 1325 1024 1382 et
1048 1317 1072 1382 il
1096 1319 1271 1384 secretario
1295 1319 1347 1383 del
1372 1339 1463 1383 sacro

275 1408 411 1490 collegio
434 1416 567 1475 attesta·
581 1409 640 1473 che
664 1432 704 1474 ne
727 1410 739 1473 i
761 1409 895 1493 registri
918 1407 1134 1473 consistoriali
1160 1413 1199 1473 ne
1218 1408 1357 1473 11101111
1373 1413 1463 1472 tutto

275 1498 300 1560 il
324 1504 432 1582 tempo
456 1504 632 1564 accennato
656 1505 750 1564 trova
775 1520 848 1564 cosa
871 1499 905 1562 in
929 1497 1102 1562 contrario.

382 1589 433 1652 La
465 1588 638 1653 concordia
671 1589 698 1654 si
730 1589 852 1653 manda
883 1587 1051 1652 acciocche
1089 1587 1116 1652 si
1155 1586 1393 1668 compiacciano
1428 1583 1462 1650 di

275 1677 437 1741 rivedcrla
462 1697 479 1740 e
503 1669 523 1741 l’
547 1679 660 1742 istesso
684 1678 711 1743 si
738 1677 771 1742 11
795 1678 847 1742 dei
872 1678 975 1743 dubbi
999 1681 1154 1761 proposta
1178 1677 1264 1740 nella
1287 1696 1463 1758 congrega-

274 1765 363 1830 tione
395 1765 447 1832 dei
481 1771 521 1830 17
556 1767 731 1832 Dicembre
763 1782 825 1832 con‘
856 1767 886 1832 le
917 1767 1108 1831 resolutioni
1137 1766 1196 1831 che
1219 1766 1338 1830 turono
1361 1787 1462 1848 prese,

273 1856 390 1938 perche
424 1877 561 1939 possano
594 1857 747 1922 risolvere
780 1858 973 1922 totalmente
996 1857 1008 1920 i
1031 1857 1128 1940 punti
1161 1856 1220 1920 che
1252 1861 1381 1920 restano
1413 1857 1462 1920 in·

276 1945 384 2010 decisi.

375 2033 411 2100 Si
434 2039 451 2098 e
475 2034 529 2117 poi
554 2042 671 2118 saputo
698 2035 753 2100 dai
786 2034 910 2118 signori
938 2035 1099 2100 cardinali
1123 2034 1164 2098 D’
1188 2033 1262 2098 Elei
1289 2055 1306 2098 1
1329 2032 1463 2118 Spinola

275 2124 381 2188 cheli
405 2123 489 2188 detti
513 2125 638 2189 vescovi
671 2125 904 2207 intervengono
937 2124 1020 2190 nelle
1048 2125 1135 2189 diete
1159 2145 1175 2187 e
1200 2124 1307 2188 danno
1331 2124 1354 2186 il
1378 2133 1461 2189 voto.

382 2213 430 2276 Le
454 2213 561 2279 chiese
587 2235 705 2279 vacano
729 2237 746 2280 e
770 2215 804 2278 di
827 2221 978 2298 presente
1006 2215 1115 2278 hanno
1147 2213 1294 2296 maggior
1326 2213 1462 2296 bisogno

275 2303 308 2365 di
342 2323 474 2368 vescovo
507 2325 584 2369 sono
618 2304 727 2388 quella
759 2305 793 2369 di
825 2303 935 2368 Bosna
962 2326 979 2367 1
1004 2303 1023 2366 l’
1048 2304 1134 2368 altra
1167 2303 1201 2367 di
1233 2302 1398 2368 Munkacz
1428 2304 1461 2367 di

273 2392 338 2456 rito
362 2413 458 2474 greco
482 2413 499 2456 e
522 2393 555 2457 la
580 2393 688 2458 chiesa
713 2391 746 2458 di
770 2391 878 2477 Segna
901 2414 918 2457 e
942 2392 1115 2458 Modrusia
1139 2393 1239 2458 unite.

721 2609 1019 2692 Rescriptum.

384 2751 425 2816 In
448 2747 698 2835 congregatione
721 2753 837 2820 habita
861 2755 913 2819 die
933 2759 975 2818 20
991 2752 1017 2817 J
1020 2753 1079 2817 ulii
1104 2757 1188 2817 1667
1214 2753 1248 2817 in
1272 2775 1337 2836 qua
1360 2753 1461 2817 inter-

275 2841 410 2906 fuerunt
425 2891 432 2906 .
449 2891 480 2907 ..
504 2842 686 2908 cardinales
710 2842 883 2924 Pallottus,
915 2841 1133 2922 Otthobonus,
1157 2841 1316 2922 Vidonus,
1340 2841 1461 2908 Oaraia

275 2938 307 2995 et
324 2929 492 3012 Azolinus,
516 2938 549 2995 et
573 2931 695 2997 domini
718 2933 924 3014 Manfronus,
947 2933 1127 3014 Fagnanus
1151 2939 1184 2996 et
1207 2932 1247 2996 de
1270 2931 1405 3011 Rubeis,
1429 2939 1461 2996 11

276 3021 479 3101 secretarius,
513 3041 622 3086 omnes
655 3022 789 3086 fuerunt
813 3023 847 3086 in
870 3029 953 3102 vote,
985 3021 1073 3104 quod
1105 3022 1139 3085 in
1172 3021 1308 3104 singulis
1332 3021 1461 3087 casibus

275 3111 481 3175 vacationum
513 3110 777 3194 supradictarum
809 3111 1019 3176 ecclesiarum
1051 3107 1209 3194 (exceptis
1225 3195 1227 3198 Ι
1246 3111 1311 3176 illis
1337 3111 1461 3174 decem

273 3199 421 3265 fundatis
436 3221 456 3264 a
473 3208 585 3265 sancto
602 3199 767 3285 Stephano
783 3202 818 3264 in
835 3201 1020 3282 Hungaria,
1045 3221 1121 3264 nam
1145 3221 1241 3283 super
1265 3202 1345 3281 istis,
1361 3208 1460 3284 prout

273 3289 307 3352 in
331 3289 519 3372 praeteritis
542 3291 849 3374 congregationibus
872 3291 998 3356 dictum
1021 3290 1095 3371 fuit,
1112 3289 1291 3355 nominatio
1315 3291 1458 3374 ipsarum

274 3385 400 3462 spectat
432 3380 475 3444 ad
508 3379 738 3462 imperatorem
771 3381 821 3444 uti
853 3403 963 3464 regem
996 3374 1204 3464 Hungariae)
1230 3381 1460 3449 examinentur

273 3470 307 3532 in
331 3469 392 3533 hac
415 3469 667 3552 congregatione
698 3470 892 3553 particulari
925 3469 1170 3550 nominationes,
1204 3492 1288 3553 quae
1314 3469 1394 3534 fient
1417 3468 1458 3533 ab

272 3560 477 3642 imperatore,
516 3565 549 3622 11
583 3565 662 3623 tunc
694 3559 956 3642 respondendum
991 3565 1090 3642 prout
1129 3561 1237 3642 exiget
1275 3560 1459 3625 necessitas

274 3648 475 3730 iniungatur
506 3650 600 3730 proin
633 3650 808 3714 secretario
847 3650 1111 3731 congregationis
1149 3650 1380 3714 consistorialis
1418 3671 1459 3712 ne

272 3738 460 3820 praedictae
484 3738 637 3802 ecclesiae
659 3744 885 3822 proponantur
907 3739 942 3802 in
966 3740 1165 3819 consistorio,
1189 3739 1253 3803 nisi
1275 3740 1458 3822 prius-cer-

273 3827 393 3891 tiorato
418 3827 548 3892 domino
572 3829 747 3892 secretario
772 3849 883 3893 sacrae
907 3829 1168 3911 congregationis
1192 3829 1232 3892 de
1248 3829 1459 3911 propaganda

272 3916 343 3996 fide,
377 3916 418 3980 ad
452 3938 549 3998 quem
573 3917 757 3982 transmitti
781 3917 921 3982 debeant
945 3918 1041 3982 simul
1065 3939 1138 3982 cum
1162 3918 1283 3982 litteris
1307 3939 1458 4000 praesen-

273 4007 408 4070 tationis
433 4006 565 4069 decreta
588 4007 826 4073 consistorialis
848 4007 936 4072 illius
960 4008 1121 4088 ecclesiae,
1154 4029 1237 4090 quae
1260 4008 1459 4090 providenda

272 4097 335 4160 erit
353 4102 385 4160 et
403 4101 573 4178 expectata
589 4102 701 4179 postea
717 4097 914 4162 resolutione
930 4097 1073 4162 eiusdem
1097 4099 1357 4179 congregationis
1373 4096 1458 4176 (sic).

379 4184 422 4248 In
457 4186 608 4250 omnibus
641 4192 751 4251 autem
785 4187 1104 4270 praesentationibus
1138 4187 1287 4251 dominus
1322 4187 1458 4252 nuntius

272 4272 449 4338 efficaciter
482 4281 567 4356 agat,
600 4297 641 4339 ne
673 4277 909 4359 imperatorin
933 4277 1053 4352 litteris
1086 4277 1317 4343 nominationis
1341 4285 1458 4342 utatur

271 4363 367 4427 verbo
403 4364 573 4446 »eligimus
605 4370 638 4428 et
670 4366 906 4446 instituimus«,
939 4366 994 4430 sed
1028 4365 1132 4432 solum
1166 4367 1391 4432 »nominamus
1425 4374 1457 4432 et

269 4461 546 4534 praesentamus«,
570 4475 644 4518 cum
667 4456 702 4519 in
726 4455 809 4522 laico
833 4477 898 4520 non
922 4454 1020 4520 cadat
1043 4455 1166 4520 electio

378 4543 543 4610 Videatur
575 4566 617 4607 an
650 4565 747 4626 super
780 4545 922 4610 ecclesiis
956 4567 1039 4628 quae
1072 4545 1211 4610 maxime
1244 4567 1330 4610 nuno
1360 4553 1457 4628 egent
