3458 5492
473 465 493 503 a
516 464 638 504 unsrun
661 465 720 503 xia.
743 465 881 504 xnoronr.
896 464 950 504 ooo
973 454 1200 506 rdartnnrrtusz.
1367 449 1430 508 671

250 639 391 701 66666666
415 658 474 701 con
503 658 562 701 sua
586 639 709 701 santitt
733 658 792 701 con
817 637 875 700 ebe
898 659 956 719 per
971 637 1036 702 fine
1052 640 1072 700 a
1088 645 1197 702 vostra
1221 640 1364 722 signoria
1388 641 1433 703 mi

249 726 348 791 offero
371 727 405 790 di
430 748 534 791 cuore.
558 727 664 790 Roma
689 724 1029 791 6666666166.

357 889 393 946 (A
412 883 540 938 vatikani
560 885 744 937 leveltarban.
764 883 892 936 Nuntiat.
913 887 1004 937 Germ.
1025 889 1086 937 Vol.
1108 888 1160 946 24.)

718 1187 721 1194 ⁴
748 1135 933 1203 oxxurr.

692 1299 791 1360 1626.
816 1298 901 1378 april
926 1302 978 1362 29.

250 1462 299 1526 Π.
324 1421 526 1525 1666666666
550 1458 743 1542 mepboquo
767 1421 1112 1544 enarratoremque,
1129 1460 1234 1526 romei
1251 1461 1433 1542 kdoete‘uelr,

250 1551 333 1634 bopy
357 1550 521 1630 Frostoyr
545 1547 747 1613 Heoritaek
770 1571 791 1614 6
816 1549 979 1615 6666666666
1012 1571 1055 1613 ca.
1085 1551 1328 1637 pdspddsepbea
1362 1553 1434 1616 vulo

518 1641 749 1722 meyertstte‘se't
772 1639 900 1704 urielo'bb
924 1638 1096 1720 esaddedlje
1121 1639 1164 1703 66.

356 1801 588 1866 Ferdinandus
614 1808 665 1866 666

356 1893 410 1956 Ι66
443 1893 537 1956 nobis
561 1913 580 1954 a
603 1893 726 1974 pietate
758 1893 862 1956 literis
896 1899 928 1956 et
960 1915 1070 1957 rerum
1102 1917 1162 1958 usu
1187 1894 1432 1958 commendatus

250 1983 313 2046 fuit
337 1983 506 2064 religiosus
533 1981 668 2046 devotus
692 1983 784 2048 nobis
809 1983 947 2046 dilectus
972 1982 1137 2047 Henricus
1155 1983 1322 2066 Frastoyr,
1343 2005 1432 2047 exer-

249 2074 333 2136 citus
350 2073 454 2136 nostri
470 2071 612 2135 caesarei
629 2073 768 2136 vicarius
793 2072 962 2154 generalis,
986 2073 1034 2136 ita
1058 2074 1139 2137 bene
1155 2075 1189 2136 in
1206 2074 1321 2137 castris
1346 2073 1432 2137 circa

248 2183 286 2226 ea
318 2182 402 2244 quae
434 2162 611 2230 vocationis
643 2163 745 2244 ipsius
776 2162 911 2227 fuerunt
942 2183 975 2226 se
999 2165 1107 2244 gessit,
1131 2170 1169 2226 ut
1193 2163 1432 2241 eundernante

249 2252 426 2314 triennium
451 2252 581 2315 circiter
605 2253 809 2334 episcopatus
832 2249 1058 2317 Corbaviensis
1079 2253 1177 2316 titulo
1193 2251 1344 2334 insigniri
1368 2273 1432 2315 non

248 2341 516 2406 dubitaverimus.
533 2340 568 2404 Is
585 2343 736 2424 queritur
752 2341 814 2404 sibi
832 2341 939 2404 dietae
956 2342 1137 2406 collationis
1155 2341 1431 2406 confirmationem

247 2431 281 2494 in
315 2431 406 2494 curia
438 2429 588 2494 Romana
620 2431 679 2495 sub
714 2431 774 2494 hoo
805 2437 968 2514 pretextu,
1003 2433 1090 2514 quod
1116 2433 1184 2495 eius
1208 2431 1431 2496 concedendae

248 2542 311 2584 non
345 2541 464 2602 magna
491 2521 577 2584 ratio
604 2521 652 2584 vel
677 2521 851 2584 necessitas
874 2529 1057 2603 appareret,
1082 2522 1239 2585 hactenus
1263 2522 1432 2603 protrahi,

248 2609 384 2673 demisse
415 2609 636 2693 supplicando,
667 2617 705 2673 ut
730 2610 814 2674 hanc
846 2609 948 2692 ipsius
987 2633 1118 2676 cansam
1151 2612 1321 2676 sanctitati
1354 2632 1432 2675 suae

248 2699 287 2762 de
311 2699 442 2764 meliore
466 2705 544 2764 nota
568 2699 793 2764 commendare
818 2699 1038 2783 dignaremur.
1072 2699 1155 2766 Oum
1179 2702 1292 2784 itaque
1317 2721 1373 2764 nos
1397 2701 1431 2764 in

247 2789 418 2853 collatione
442 2810 488 2869 ea,
513 2790 782 2872 propagationem
815 2789 945 2853 honoris
979 2811 1016 2854 ao
1049 2791 1171 2871 cultus,
1191 2791 1293 2854 divini
1333 2786 1431 2872 quam

248 2880 386 2944 maxime
419 2879 671 2961 spectaverimus
705 2885 738 2942 66
777 2880 810 2943 in
851 2879 1038 2962 frequentia
1076 2881 1323 2963 episcoporum,
1347 2901 1431 2962 quae

247 2968 334 3032 hisce
358 2970 391 3031 in
416 2969 567 3050 partibus
590 2969 675 3032 forte
699 2968 802 3032 videri
828 2976 935 3050 queat,
949 2971 1089 3034 rariores
1111 2971 1177 3034 sint
1194 2971 1250 3052 qui
1269 2969 1431 3033 altaribus

247 3058 481 3135 consecrandis
492 3059 663 3123 ordinibus
679 3057 892 3134 conferendis,
905 3059 1043 3140 aliisque
1060 3059 1179 3124 muniis
1196 3059 1431 3141 episcopalibus

247 3147 443 3227 exercendis,
467 3152 539 3210 666
563 3149 597 3212 in
622 3149 745 3227 castris,
762 3154 834 3212 turn
857 3147 937 3212 alibi
961 3150 1114 3231 praesint,
1138 3150 1218 3213 adeo
1242 3157 1279 3214 66
1298 3148 1431 3213 aliunde

247 3258 340 3320 saepe
374 3257 447 3300 cum
481 3238 634 3320 temporis
668 3243 700 3300 et
732 3244 923 3320 sumptuum
965 3238 1094 3303 iactura
1127 3239 1260 3303 invitari
1293 3259 1330 3304 ao
1362 3239 1431 3321 peti

248 3325 405 3405 debeant3
430 3328 572 3390 rationes
596 3325 794 3391 sufficientes
817 3335 980 3408 putamus,
1005 3349 1088 3410 quae
1109 3330 1320 3410 sanctitatem
1338 3349 1430 3392 suam

247 3416 288 3478 ad
322 3417 444 3480 dictam
483 3416 761 3480 confirmationem
800 3417 884 3480 citra
910 3417 1152 3500 ,difficultatem
1192 3417 1430 3498 concedendam

247 3527 374 3570 movere
407 3506 556 3570 debeant.
590 3503 700 3587 Quare
733 3506 861 3570 easdem
886 3513 956 3571 tum
972 3501 1069 3589 ¹apud
1095 3508 1305 3586 sanctitatem
1329 3528 1429 3586 suam,

248 3602 319 3660 666
351 3596 430 3659 alibi
463 3597 521 3660 ubi
553 3603 752 3678 oportunum
786 3597 889 3662 visum
915 3597 1024 3675 fuerit,
1049 3597 1164 3662 dextre
1187 3598 1373 3680 proponetis
1397 3603 1430 3662 et

247 3685 357 3764 bullae
380 3685 640 3750 confirmatorias
665 3686 902 3768 expeditionem
935 3708 1121 3770 promovere
1154 3687 1359 3763 conabimini,
1392 3691 1431 3750 ut

247 3795 285 3838 ea
308 3776 443 3840 obtenta
468 3775 575 3842 dictus
600 3775 721 3840 electus
745 3781 839 3840 tanto
862 3777 1004 3842 alacrius
1025 3782 1057 3840 et
1074 3778 1195 3841 maiore
1219 3797 1293 3839 curn
1317 3777 1430 3840 fructu

248 3863 292 3929 in.
305 3865 437 3947 publica
461 3866 619 3944 laborare,
644 3865 772 3948 sibique
788 3865 828 3930 de
845 3866 953 3949 gratia
976 3886 1127 3930 caesarea
1141 3867 1245 3950 magis
1261 3867 1429 3949 magisque

247 3953 409 4034 gratulari
432 3976 470 4018 ac
494 3955 636 4037 gaudere
659 3955 769 4037 possit.
793 3954 920 4020 Datum
935 3954 1084 4020 Viennae
1101 3960 1152 4020 29.
1169 3954 1275 4037 April
1289 3961 1384 4042 1626.

354 4114 589 4180 (Fogalmazvany
608 4111 717 4166 ebriosi
738 4111 838 4166 udvari
857 4113 1041 4167 leve'ltarban.
1060 4117 1206 4178 Romans.)
