3472 5494
475 465 494 502 1
518 463 639 505 unsrun
662 463 722 502 11111.
746 462 876 512 unorum
899 462 952 503 roo
977 450 1204 502 ronrarnrrtunz.
1365 445 1433 506 269

251 634 412 716 expensis
431 633 546 698 iecerit
577 633 691 698 domus
719 632 901 698 Austriaca
932 649 989 716 pro
1025 633 1280 716 Transylvaniae
1312 634 1432 716 partini

250 723 445 804 defensione,
467 723 860 806 partim'recnperatione.
886 724 1066 788 Testantur
1086 723 1255 788 fortissimi
1271 724 1436 797 exercitus

251 811 493 879 Germanorum
505 811 539 875 in
557 812 827 895 Transylvaniam
851 813 1017 878 multoties
1039 812 1184 892 immissi,
1208 811 1268 882 sub
1292 813 1434 878 celeber-

251 903 341 967 rimis
358 902 436 966 belli
453 903 590 968 ducibus
606 901 771 982 Oastaldo,
787 901 813 966 J
815 901 1013 984 ugendorfio,
1028 901 1307 984 Tyeffcnbacchio,
1331 904 1432 968 Basta

250 999 283 1056 et
307 992 557 1072 Montecuoculi,
582 993 639 1074 qni
663 992 745 1056 nihil
768 992 970 1056 intentatum
989 993 1202 1074 reliquerunt,
1226 999 1264 1056 nt
1279 993 1332 1074 jus
1349 993 1435 1075 regis

250 1081 418 1164 Ungariae
441 1082 475 1146 in
499 1082 589 1146 illam
611 1082 811 1164 provinciam
835 1081 1048 1160 vindicarent,
1072 1089 1105 1146 et
1130 1101 1203 1145 vere
1219 1082 1349 1146 omnino
1365 1084 1433 1146 vin-

251 1167 421 1252 dicassent,
446 1172 472 1236 si
496 1193 553 1254 per
575 1171 750 1238 immanem
773 1171 945 1236 christiani
969 1171 1108 1236 nominis
1132 1171 1256 1235 hostem
1280 1172 1435 1236 licuisset.

360 1266 409 1325 la.
433 1259 562 1344 Quarta
585 1261 715 1326 demum
739 1269 879 1343 ruptura
895 1261 1071 1328 rebellione
1087 1259 1284 1343 Bozkayana
1299 1268 1432 1327 causata

250 1372 335 1416 anno
362 1355 456 1415 1604.
489 1351 759 1432 Transylvaniam
783 1349 913 1434 penitus
937 1351 1101 1416 abstraxit
1124 1351 1166 1416 ab
1190 1349 1376 1434 Hungaria,
1401 1359 1433 1416 et

249 1441 339 1506 illam
356 1440 503 1506 totaliter
522 1440 696 1506 Turcicam
713 1439 829 1506 effecit.
855 1439 1042 1522 Stephanus
1066 1440 1151 1506 enim
1175 1439 1307 1523 Bozhay
1330 1439 1433 1504 rebel·

250 1532 330 1596 lium
354 1530 442 1596 illius
465 1530 620 1612 temporis
646 1531 712 1596 dux
737 1530 885 1596 Turciois
908 1531 1007 1594 armis
1032 1535 1065 1594 ct
1080 1530 1299 1613 practicorum
1324 1530 1435 1594 furore

250 1620 396 1685 munitus
428 1620 462 1684 in
494 1620 716 1703 principatum
741 1620 996 1704 Transylvaniae
1028 1641 1061 1684 se
1084 1621 1229 1700 intrusit,
1254 1626 1287 1683 et
1310 1620 1436 1702 prirnus

250 1711 392 1792 suscepit
413 1709 556 1792 insignia
579 1710 783 1792 principatus
802 1710 843 1774 ab
864 1712 1061 1793 imperatore
1086 1707 1279 1788 Turcarum,
1303 1710 1434 1776 clavena

251 1821 357 1864 ensem
373 1805 407 1864 et
423 1799 586 1880 vexillum,
596 1799 746 1884 ¹fecitque
760 1799 1029 1884 Transylvaniam
1043 1799 1234 1882 vectigalem
1250 1799 1435 1864 omnimodo

250 1910 282 1953 se
305 1909 380 1954 vero
414 1895 448 1953 et
480 1910 554 1954 suos
577 1909 774 1954 successores
797 1890 950 1954 vassallos
973 1911 1012 1954 ac
1035 1910 1142 1955 servos
1167 1889 1351 1954 Turcarum
1374 1890 1436 1952 im·

249 1979 339 2060 perii.
373 1977 463 2044 Nota
495 1984 581 2058 sunt,
614 1999 698 2060 quae
730 1978 871 2062 Bozkay,
905 2000 989 2061 quae
1022 1977 1189 2044 Betlemus
1217 1985 1249 2042 et
1273 1979 1434 2043 Racozius

250 2067 418 2150 Ungariae
442 2074 474 2134 ot
497 2069 611 2132 vicinis
637 2069 812 2151 provinciis
836 2069 1011 2134 intulerint
1034 2069 1129 2148 mala,
1153 2068 1258 2132 iuncti
1283 2068 1436 2133 Tartaris

250 2166 283 2220 et
307 2157 433 2236 Turcis,
457 2178 569 2222 eorum
592 2157 821 2222 crudelitatem
841 2159 1038 2224 vastationes
1062 2164 1094 2222 et
1119 2157 1256 2224 infanda
1280 2158 1434 2222 christia·

249 2268 310 2312 nae
334 2247 520 2329 republicae
544 2248 704 2312 tartarica
728 2247 860 2312 feritate
884 2249 978 2312 illata
996 2248 1124 2328 damna,
1148 2247 1268 2331 passim
1285 2247 1434 2312 referunt

250 2337 404 2402 historici.

801 2461 829 2547 §-
854 2467 883 2526 1.

358 2603 464 2686 Reges
496 2605 665 2687 apostolici
692 2605 952 2689 jurisdictionem
977 2605 1131 2670 vicariam
1155 2606 1188 2668 in
1212 2605 1435 2687 episcopatum

251 2693 562 2777 Transylvanensem
579 2717 599 2759 a
614 2695 688 2762 sede
711 2695 889 2778 apostolica
909 2716 1091 2762 concessam
1108 2717 1170 2760 usu
1187 2700 1343 2777 perpetuo
1360 2715 1435 2778 con·

251 2791 432 2848 servarunt.

361 2878 409 2937 19.
435 2872 485 2938 De
517 2894 575 2937 suo
606 2875 678 2956 jure
703 2874 737 2938 in
761 2875 984 2957 episcopatum
1007 2873 1320 2957 Transylvanensem
1343 2893 1436 2954 reges

251 2959 418 3044 Ungariae
434 2983 499 3028 non
515 2969 770 3028 controvertunt.
796 2963 886 3026 Illud
902 2964 989 3028 eninr
1005 2985 1058 3028 eos
1081 2963 1233 3028 habuisse
1257 2963 1436 3045 aliquando

251 3058 377 3116 certum
410 3060 466 3117 est.
500 3051 583 3117 (lum
616 3059 727 3118 autem
750 3053 929 3118 habuerint
955 3053 1060 3133 semel,
1086 3054 1159 3134 quis
1182 3053 1247 3116 illis
1270 3051 1434 3118 abstulit?

252 3141 367 3206 Monet
390 3143 603 3206 Innocentius
626 3141 693 3208 ΙΙΙ.
722 3164 815 3208 nemo
839 3164 897 3207 suo
920 3143 993 3225 jure
1014 3143 1138 3225 privari
1162 3143 1259 3206 debet
1283 3143 1352 3206 sine
1376 3163 1435 3206 sua

251 3229 355 3313 culpa,
372 3251 441 3296 can.
458 3232 647 3296 discretioni
663 3232 703 3297 de
720 3253 756 3298 eo
777 3233 834 3316 qui
857 3233 1016 3315 cognovit,
1039 3233 1089 3297 vel
1112 3233 1165 3295 cui
1188 3233 1240 3314 jus
1263 3231 1345 3298 illud
1369 3252 1436 3296 ces-

252 3318 389 3384 serunt?
421 3343 497 3386 sane
523 3342 586 3386 non
612 3322 736 3402 TurciS,
762 3328 822 3389 aut
846 3322 1079 3406 Transylvanis
1102 3321 1289 3387 huiusmodi
1311 3321 1435 3404 jurium

251 3409 468 3491 incapacibus,
492 3410 547 3475 sod
572 3433 631 3476 nec
654 3419 732 3476 sunt
750 3412 970 3495 proficiendas
993 3413 1190 3495 margeritae
1214 3417 1290 3476 ante
1314 3432 1434 3493 porcos

360 3500 505 3566 Tametsi
529 3522 605 3584 ergo
628 3502 812 3585 provinciae
840 3502 1017 3584 temporale
1050 3503 1101 3584 jus
1121 3502 1359 3583 ,Transylvanis
1386 3501 1436 3566 vel

253 3587 370 3653 Turois
401 3611 492 3672 reges
525 3590 720 3674 Hungariae
753 3592 993 3671 concessissent,
1033 3591 1165 3656 minime
1199 3597 1310 3656 tamon
1341 3591 1435 3673 spiri-

253 3678 374 3742 tualem
399 3679 432 3743 in
457 3681 595 3745 dioecesi
619 3681 874 3764 Transylvaniac
906 3680 1167 3764 jurisdictionem
1199 3686 1437 3760 concesserunt,

252 3767 308 3831 sed
332 3787 402 3831 earn
426 3769 488 3834 sibi
512 3779 721 3834 reservarunt
744 3773 831 3853 quod
851 3771 1121 3852 exsequentibus
1145 3770 1284 3835 ulterius
1307 3771 1435 3852 patebit

252 3857 463 3938 argumentis.

362 3951 411 4011 20.
428 3947 540 4012 Primo
559 3948 688 4014 collatio
705 3955 738 4013 et
753 3949 921 4014 institutio
938 3949 1094 4016 canonica
1109 3949 1314 4032 episcopatus
1331 3947 1437 4013 Tran-

253 4035 462 4116 sylvaniensis
485 4058 641 4123 personae
664 4037 762 4104 alicui
787 4039 1024 4104 ecclesiasticae
1049 4059 1068 4102 a
1093 4037 1226 4120 regibus
1250 4037 1436 4120 apostolicis

253 4145 377 4207 semper
401 4126 559 4192 hactenus
582 4128 739 4194 continua
760 4135 793 4194 et
817 4150 881 4194 non
898 4129 1084 4211 interrupta
1101 4129 1167 4193 ullo
1186 4149 1332 4210 unquam
1355 4134 1437 4192 tem-

253 4235 330 4296 pore
362 4216 562 4282 successione
594 4219 815 4300 episcoporum
849 4218 939 4284 iacta
971 4225 1028 4296 est,
1061 4218 1103 4282 ab
1135 4219 1200 4284 illis
1232 4219 1318 4282 enim
1342 4217 1437 4282 annis

255 4303 374 4385 quibus
399 4305 636 4389 Transylvania
658 4308 772 4372 avulsa
795 4313 852 4388 est,
876 4313 969 4372 extat
996 4308 1188 4391 cathalogus
1213 4308 1435 4390 episcoporum

254 4393 556 4477 Transylvaniensis
580 4397 613 4460 in
637 4397 781 4462 archivio
805 4395 1018 4462 cancellariae
1040 4398 1175 4478 aulicae,
1201 4419 1257 4462 seu
1283 4397 1317 4462 in
1340 4397 1437 4462 libris

253 4484 359 4564 regiis,
382 4485 416 4549 in
440 4485 505 4550 illis
537 4487 670 4552 nomina
702 4494 735 4552 et
759 4487 984 4557 donationales
1011 4487 1214 4570 singulorum
1247 4486 1361 4552 ordine
1385 4506 1436 4550 re·

253 4575 436 4654 periuntur.
