<?xml version="1.0" encoding="UTF-8"?>
<!DOCTYPE html PUBLIC "-//W3C//DTD XHTML 1.0 Transitional//EN"
    "http://www.w3.org/TR/xhtml1/DTD/xhtml1-transitional.dtd">
<html xmlns="http://www.w3.org/1999/xhtml" xml:lang="en" lang="en">
 <head>
  <title>
</title>
<meta http-equiv="Content-Type" content="text/html;charset=utf-8" />
  <meta name='ocr-system' content='tesseract 3.04.00' />
  <meta name='ocr-capabilities' content='ocr_page ocr_carea ocr_par ocr_line ocrx_word'/>
</head>
<body>
  <div class='ocr_page' id='page_1' title='image "./oklevltramagyar00frakgoog_0107.png"; bbox 0 0 3454 5492; ppageno 0'>
   <div class='ocr_carea' id='block_1_1' title="bbox 314 449 993 539">
    <p class='ocr_par' dir='ltr' id='par_1_1' title="bbox 314 449 993 539">
     <span class='ocr_line' id='line_1_1' title="bbox 314 449 993 539; baseline 0 -33"><span class='ocrx_word' id='word_1_1' title='bbox 314 449 353 507; x_wconf 83' lang='lat'>70</span> <span class='ocrx_word' id='word_1_2' title='bbox 620 531 625 539; x_wconf 28' lang='grc' dir='ltr'>ι</span> <span class='ocrx_word' id='word_1_3' title='bbox 799 453 993 508; x_wconf 75' lang='lat' dir='ltr'>onnnrdnrla.</span> 
     </span>
    </p>
   </div>
   <div class='ocr_carea' id='block_1_2' title="bbox 311 641 1496 2437">
    <p class='ocr_par' dir='ltr' id='par_1_2' title="bbox 311 641 1496 2437">
     <span class='ocr_line' id='line_1_2' title="bbox 311 641 1494 724; baseline -0.002 -20"><span class='ocrx_word' id='word_1_4' title='bbox 311 643 463 724; x_wconf 74' lang='lat' dir='ltr'>perimus</span> <span class='ocrx_word' id='word_1_5' title='bbox 488 641 625 706; x_wconf 90' lang='lat' dir='ltr'>eundem</span> <span class='ocrx_word' id='word_1_6' title='bbox 649 649 816 724; x_wconf 77' lang='lat' dir='ltr'><strong>tamquam</strong></span> <span class='ocrx_word' id='word_1_7' title='bbox 841 665 961 722; x_wconf 90' lang='lat' dir='ltr'>verum,</span> <span class='ocrx_word' id='word_1_8' title='bbox 985 642 1159 724; x_wconf 89' lang='lat' dir='ltr'>probatum</span> <span class='ocrx_word' id='word_1_9' title='bbox 1179 648 1212 706; x_wconf 89' lang='lat' dir='ltr'>et</span> <span class='ocrx_word' id='word_1_10' title='bbox 1229 641 1268 705; x_wconf 92' lang='lat' dir='ltr'>de</span> <span class='ocrx_word' id='word_1_11' title='bbox 1286 641 1378 706; x_wconf 90' lang='lat' dir='ltr'>nobis</span> <span class='ocrx_word' id='word_1_12' title='bbox 1395 645 1494 722; x_wconf 91' lang='lat' dir='ltr'>atque</span> 
     </span>
     <span class='ocr_line' id='line_1_3' title="bbox 311 731 1495 815; baseline -0.003 -19"><span class='ocrx_word' id='word_1_13' title='bbox 311 734 371 796; x_wconf 89' lang='lat' dir='ltr'>hoo</span> <span class='ocrx_word' id='word_1_14' title='bbox 391 752 499 814; x_wconf 89' lang='lat' dir='ltr'>regnu,</span> <span class='ocrx_word' id='word_1_15' title='bbox 523 753 597 798; x_wconf 91' lang='lat' dir='ltr'>oum</span> <span class='ocrx_word' id='word_1_16' title='bbox 616 734 744 815; x_wconf 86' lang='lat' dir='ltr'>prelato</span> <span class='ocrx_word' id='word_1_17' title='bbox 768 733 872 796; x_wconf 76' lang='lat' dir='ltr'>fratre</span> <span class='ocrx_word' id='word_1_18' title='bbox 897 733 1021 797; x_wconf 88' lang='lat' dir='ltr'>scilicet</span> <span class='ocrx_word' id='word_1_19' title='bbox 1044 733 1173 796; x_wconf 90' lang='lat' dir='ltr'>domino</span> <span class='ocrx_word' id='word_1_20' title='bbox 1197 731 1351 814; x_wconf 90' lang='lat' dir='ltr'>palatino,</span> <span class='ocrx_word' id='word_1_21' title='bbox 1375 731 1495 814; x_wconf 88' lang='lat' dir='ltr'>optime</span> 
     </span>
     <span class='ocr_line' id='line_1_4' title="bbox 312 821 1495 905; baseline -0.003 -20"><span class='ocrx_word' id='word_1_22' title='bbox 312 821 475 902; x_wconf 90' lang='lat' dir='ltr'>meritum,</span> <span class='ocrx_word' id='word_1_23' title='bbox 500 823 539 886; x_wconf 90' lang='lat' dir='ltr'>de</span> <span class='ocrx_word' id='word_1_24' title='bbox 562 822 633 905; x_wconf 91' lang='lat' dir='ltr'>ipsa</span> <span class='ocrx_word' id='word_1_25' title='bbox 656 822 790 887; x_wconf 88' lang='lat' dir='ltr'>ecclesia</span> <span class='ocrx_word' id='word_1_26' title='bbox 809 822 1102 888; x_wconf 79' lang='lat' dir='ltr'>Transsilvaniensi</span> <span class='ocrx_word' id='word_1_27' title='bbox 1119 821 1160 885; x_wconf 91' lang='lat' dir='ltr'>ad</span> <span class='ocrx_word' id='word_1_28' title='bbox 1180 821 1495 904; x_wconf 87' lang='lat' dir='ltr'>archiepiscopatum</span> 
     </span>
     <span class='ocr_line' id='line_1_5' title="bbox 312 910 1495 992; baseline -0.003 -16"><span class='ocrx_word' id='word_1_29' title='bbox 312 911 521 976; x_wconf 88' lang='lat' dir='ltr'>ecclesiarum</span> <span class='ocrx_word' id='word_1_30' title='bbox 547 910 731 978; x_wconf 86' lang='lat' dir='ltr'>Oolooensis</span> <span class='ocrx_word' id='word_1_31' title='bbox 756 919 789 976; x_wconf 89' lang='lat' dir='ltr'>et</span> <span class='ocrx_word' id='word_1_32' title='bbox 817 913 1006 978; x_wconf 90' lang='lat' dir='ltr'>Bachicnsis</span> <span class='ocrx_word' id='word_1_33' title='bbox 1031 912 1184 976; x_wconf 89' lang='lat' dir='ltr'>canonice</span> <span class='ocrx_word' id='word_1_34' title='bbox 1208 913 1384 992; x_wconf 87' lang='lat' dir='ltr'>unitarum,</span> <span class='ocrx_word' id='word_1_35' title='bbox 1409 931 1495 974; x_wconf 91' lang='lat' dir='ltr'>nunc</span> 
     </span>
     <span class='ocr_line' id='line_1_6' title="bbox 311 997 1495 1085; baseline -0.003 -19"><span class='ocrx_word' id='word_1_36' title='bbox 311 1023 369 1085; x_wconf 89' lang='lat' dir='ltr'>per</span> <span class='ocrx_word' id='word_1_37' title='bbox 385 1009 524 1066; x_wconf 88' lang='lat' dir='ltr'>mortem</span> <span class='ocrx_word' id='word_1_38' title='bbox 539 1003 708 1066; x_wconf 88' lang='lat' dir='ltr'>reverendi</span> <span class='ocrx_word' id='word_1_39' title='bbox 726 1003 848 1067; x_wconf 92' lang='lat' dir='ltr'>domini</span> <span class='ocrx_word' id='word_1_40' title='bbox 868 997 920 1084; x_wconf 74' lang='lat' dir='ltr'>tl)</span> <span class='ocrx_word' id='word_1_41' title='bbox 946 1003 1122 1066; x_wconf 89' lang='lat' dir='ltr'>earundem</span> <span class='ocrx_word' id='word_1_42' title='bbox 1146 1002 1354 1066; x_wconf 87' lang='lat' dir='ltr'>ecclesiarum</span> <span class='ocrx_word' id='word_1_43' title='bbox 1377 1000 1495 1080; x_wconf 87' lang='lat' dir='ltr'>ultimi,</span> 
     </span>
     <span class='ocr_line' id='line_1_7' title="bbox 311 1091 1495 1176; baseline -0.001 -21"><span class='ocrx_word' id='word_1_44' title='bbox 311 1092 388 1172; x_wconf 89' lang='lat' dir='ltr'>veri,</span> <span class='ocrx_word' id='word_1_45' title='bbox 426 1092 565 1174; x_wconf 86' lang='lat' dir='ltr'>legitimi</span> <span class='ocrx_word' id='word_1_46' title='bbox 597 1099 630 1156; x_wconf 87' lang='lat' dir='ltr'>et</span> <span class='ocrx_word' id='word_1_47' title='bbox 662 1093 843 1158; x_wconf 72' lang='lat' dir='ltr'>immediati</span> <span class='ocrx_word' id='word_1_48' title='bbox 875 1093 1074 1176; x_wconf 89' lang='lat' dir='ltr'>possessoris,</span> <span class='ocrx_word' id='word_1_49' title='bbox 1107 1092 1147 1156; x_wconf 91' lang='lat' dir='ltr'>de</span> <span class='ocrx_word' id='word_1_50' title='bbox 1179 1093 1251 1174; x_wconf 85' lang='lat' dir='ltr'>jure</span> <span class='ocrx_word' id='word_1_51' title='bbox 1283 1097 1316 1156; x_wconf 90' lang='lat' dir='ltr'>et</span> <span class='ocrx_word' id='word_1_52' title='bbox 1344 1092 1384 1156; x_wconf 90' lang='lat' dir='ltr'>de</span> <span class='ocrx_word' id='word_1_53' title='bbox 1407 1091 1495 1154; x_wconf 85' lang='lat' dir='ltr'>iacto</span> 
     </span>
     <span class='ocr_line' id='line_1_8' title="bbox 313 1181 1495 1266; baseline -0.001 -21"><span class='ocrx_word' id='word_1_54' title='bbox 313 1186 491 1263; x_wconf 88' lang='lat' dir='ltr'>vacantem,</span> <span class='ocrx_word' id='word_1_55' title='bbox 518 1183 716 1247; x_wconf 90' lang='lat' dir='ltr'>auctoritate</span> <span class='ocrx_word' id='word_1_56' title='bbox 739 1183 820 1266; x_wconf 85' lang='lat' dir='ltr'>juris</span> <span class='ocrx_word' id='word_1_57' title='bbox 843 1187 1037 1266; x_wconf 89' lang='lat' dir='ltr'>patronatus</span> <span class='ocrx_word' id='word_1_58' title='bbox 1061 1184 1163 1246; x_wconf 78' lang='lat' dir='ltr'>nostri</span> <span class='ocrx_word' id='word_1_59' title='bbox 1187 1183 1314 1265; x_wconf 89' lang='lat' dir='ltr'>regalis,</span> <span class='ocrx_word' id='word_1_60' title='bbox 1343 1181 1495 1246; x_wconf 88' lang='lat' dir='ltr'>duximus</span> 
     </span>
     <span class='ocr_line' id='line_1_9' title="bbox 313 1264 1495 1355; baseline -0.002 -19"><span class='ocrx_word' id='word_1_61' title='bbox 313 1272 586 1352; x_wconf 86' lang='lat' dir='ltr'>transferendum,</span> <span class='ocrx_word' id='word_1_62' title='bbox 611 1272 796 1355; x_wconf 90' lang='lat' dir='ltr'>eligendum</span> <span class='ocrx_word' id='word_1_63' title='bbox 828 1279 861 1338; x_wconf 87' lang='lat' dir='ltr'>et</span> <span class='ocrx_word' id='word_1_64' title='bbox 893 1273 1144 1355; x_wconf 89' lang='lat' dir='ltr'>nominandum;</span> <span class='ocrx_word' id='word_1_65' title='bbox 1178 1273 1348 1355; x_wconf 90' lang='lat' dir='ltr'>ipsumque</span> <span class='ocrx_word' id='word_1_66' title='bbox 1371 1264 1495 1336; x_wconf 89' lang='lat' dir='ltr'>archie-</span> 
     </span>
     <span class='ocr_line' id='line_1_10' title="bbox 311 1362 1495 1446; baseline -0.002 -20"><span class='ocrx_word' id='word_1_67' title='bbox 311 1363 524 1446; x_wconf 86' lang='lat' dir='ltr'>piscopatum,</span> <span class='ocrx_word' id='word_1_68' title='bbox 556 1363 728 1428; x_wconf 88' lang='lat' dir='ltr'>simuleum</span> <span class='ocrx_word' id='word_1_69' title='bbox 760 1363 884 1442; x_wconf 88' lang='lat' dir='ltr'>castris,</span> <span class='ocrx_word' id='word_1_70' title='bbox 917 1362 1115 1441; x_wconf 89' lang='lat' dir='ltr'>civitatibus,</span> <span class='ocrx_word' id='word_1_71' title='bbox 1148 1363 1274 1444; x_wconf 82' lang='lat' dir='ltr'>oppidis</span> <span class='ocrx_word' id='word_1_72' title='bbox 1299 1369 1332 1426; x_wconf 91' lang='lat' dir='ltr'>et</span> <span class='ocrx_word' id='word_1_73' title='bbox 1355 1362 1439 1426; x_wconf 82' lang='lat' dir='ltr'>villis</span> <span class='ocrx_word' id='word_1_74' title='bbox 1463 1367 1495 1424; x_wconf 90' lang='lat' dir='ltr'>et</span> 
     </span>
     <span class='ocr_line' id='line_1_11' title="bbox 312 1451 1496 1536; baseline -0.001 -20"><span class='ocrx_word' id='word_1_75' title='bbox 312 1455 523 1536; x_wconf 84' lang='lat' dir='ltr'>proventibus</span> <span class='ocrx_word' id='word_1_76' title='bbox 547 1453 590 1517; x_wconf 89' lang='lat' dir='ltr'>ad</span> <span class='ocrx_word' id='word_1_77' title='bbox 614 1453 751 1517; x_wconf 91' lang='lat' dir='ltr'>eundem</span> <span class='ocrx_word' id='word_1_78' title='bbox 775 1453 815 1518; x_wconf 90' lang='lat' dir='ltr'>de</span> <span class='ocrx_word' id='word_1_79' title='bbox 838 1454 910 1536; x_wconf 83' lang='lat' dir='ltr'>jure</span> <span class='ocrx_word' id='word_1_80' title='bbox 935 1459 967 1518; x_wconf 92' lang='lat' dir='ltr'>et</span> <span class='ocrx_word' id='word_1_81' title='bbox 990 1454 1032 1518; x_wconf 92' lang='lat' dir='ltr'>ab</span> <span class='ocrx_word' id='word_1_82' title='bbox 1057 1452 1193 1535; x_wconf 89' lang='lat' dir='ltr'>antiquo</span> <span class='ocrx_word' id='word_1_83' title='bbox 1214 1451 1439 1536; x_wconf 82' lang='lat' dir='ltr'>spectantibus</span> <span class='ocrx_word' id='word_1_84' title='bbox 1463 1457 1496 1516; x_wconf 93' lang='lat' dir='ltr'>et</span> 
     </span>
     <span class='ocr_line' id='line_1_12' title="bbox 311 1541 1496 1625; baseline 0 -19"><span class='ocrx_word' id='word_1_85' title='bbox 311 1544 475 1625; x_wconf 87' lang='lat' dir='ltr'>pertinere</span> <span class='ocrx_word' id='word_1_86' title='bbox 500 1543 704 1624; x_wconf 87' lang='lat' dir='ltr'>debentibus,</span> <span class='ocrx_word' id='word_1_87' title='bbox 722 1544 751 1606; x_wconf 90' lang='lat' dir='ltr'>ei</span> <span class='ocrx_word' id='word_1_88' title='bbox 767 1543 912 1608; x_wconf 90' lang='lat' dir='ltr'>dandum</span> <span class='ocrx_word' id='word_1_89' title='bbox 935 1549 968 1608; x_wconf 91' lang='lat' dir='ltr'>et</span> <span class='ocrx_word' id='word_1_90' title='bbox 992 1541 1242 1624; x_wconf 78' lang='lat' dir='ltr'>conferendum,</span> <span class='ocrx_word' id='word_1_91' title='bbox 1266 1544 1364 1624; x_wconf 89' lang='lat' dir='ltr'>immo</span> <span class='ocrx_word' id='word_1_92' title='bbox 1389 1549 1496 1624; x_wconf 87' lang='lat' dir='ltr'>trans-</span> 
     </span>
     <span class='ocr_line' id='line_1_13' title="bbox 312 1633 1494 1718; baseline 0 -22"><span class='ocrx_word' id='word_1_93' title='bbox 312 1633 456 1714; x_wconf 83' lang='lat' dir='ltr'>ierimus,</span> <span class='ocrx_word' id='word_1_94' title='bbox 477 1633 625 1716; x_wconf 86' lang='lat' dir='ltr'>eligimus</span> <span class='ocrx_word' id='word_1_95' title='bbox 650 1639 683 1697; x_wconf 89' lang='lat' dir='ltr'>et</span> <span class='ocrx_word' id='word_1_96' title='bbox 706 1633 919 1714; x_wconf 88' lang='lat' dir='ltr'>nominamus,</span> <span class='ocrx_word' id='word_1_97' title='bbox 945 1633 1124 1715; x_wconf 87' lang='lat' dir='ltr'>damusque</span> <span class='ocrx_word' id='word_1_98' title='bbox 1147 1638 1179 1697; x_wconf 89' lang='lat' dir='ltr'>et</span> <span class='ocrx_word' id='word_1_99' title='bbox 1203 1633 1407 1718; x_wconf 87' lang='lat' dir='ltr'>conferimus,</span> <span class='ocrx_word' id='word_1_100' title='bbox 1423 1653 1494 1715; x_wconf 87' lang='lat' dir='ltr'>pre-</span> 
     </span>
     <span class='ocr_line' id='line_1_14' title="bbox 312 1721 1495 1806; baseline -0.001 -19"><span class='ocrx_word' id='word_1_101' title='bbox 312 1725 455 1787; x_wconf 91' lang='lat' dir='ltr'>sencium</span> <span class='ocrx_word' id='word_1_102' title='bbox 484 1745 542 1805; x_wconf 89' lang='lat' dir='ltr'>per</span> <span class='ocrx_word' id='word_1_103' title='bbox 565 1722 717 1805; x_wconf 84' lang='lat' dir='ltr'>vigorem.</span> <span class='ocrx_word' id='word_1_104' title='bbox 743 1721 903 1806; x_wconf 78' lang='lat' dir='ltr'>Quocirca</span> <span class='ocrx_word' id='word_1_105' title='bbox 926 1723 1017 1787; x_wconf 89' lang='lat' dir='ltr'>vobis</span> <span class='ocrx_word' id='word_1_106' title='bbox 1040 1722 1192 1787; x_wconf 89' lang='lat' dir='ltr'>fidelibus</span> <span class='ocrx_word' id='word_1_107' title='bbox 1215 1722 1335 1787; x_wconf 87' lang='lat' dir='ltr'>nostris</span> <span class='ocrx_word' id='word_1_108' title='bbox 1363 1743 1495 1806; x_wconf 89' lang='lat' dir='ltr'>venera-</span> 
     </span>
     <span class='ocr_line' id='line_1_15' title="bbox 312 1808 1495 1897; baseline -0.001 -21"><span class='ocrx_word' id='word_1_109' title='bbox 312 1813 433 1878; x_wconf 91' lang='lat' dir='ltr'>bilibus</span> <span class='ocrx_word' id='word_1_110' title='bbox 467 1819 499 1878; x_wconf 89' lang='lat' dir='ltr'>ct</span> <span class='ocrx_word' id='word_1_111' title='bbox 534 1813 778 1879; x_wconf 87' lang='lat' dir='ltr'>honorabilibus</span> <span class='ocrx_word' id='word_1_112' title='bbox 817 1813 969 1897; x_wconf 90' lang='lat' dir='ltr'>capitulis</span> <span class='ocrx_word' id='word_1_113' title='bbox 1001 1820 1024 1877; x_wconf 91' lang='lat' dir='ltr'>t.</span> <span class='ocrx_word' id='word_1_114' title='bbox 1057 1818 1090 1878; x_wconf 91' lang='lat' dir='ltr'>et</span> <span class='ocrx_word' id='word_1_115' title='bbox 1123 1808 1176 1894; x_wconf 62' lang='lat' dir='ltr'>gn)</span> <span class='ocrx_word' id='word_1_116' title='bbox 1209 1813 1427 1894; x_wconf 88' lang='lat' dir='ltr'>ecclesiarum,</span> <span class='ocrx_word' id='word_1_117' title='bbox 1458 1832 1495 1876; x_wconf 88' lang='lat' dir='ltr'>ac</span> 
     </span>
     <span class='ocr_line' id='line_1_16' title="bbox 313 1903 1495 1986; baseline 0 -20"><span class='ocrx_word' id='word_1_118' title='bbox 313 1905 461 1968; x_wconf 90' lang='lat' dir='ltr'>universo</span> <span class='ocrx_word' id='word_1_119' title='bbox 508 1904 593 1967; x_wconf 89' lang='lat' dir='ltr'>clero</span> <span class='ocrx_word' id='word_1_120' title='bbox 632 1908 665 1966; x_wconf 90' lang='lat' dir='ltr'>et</span> <span class='ocrx_word' id='word_1_121' title='bbox 703 1903 822 1986; x_wconf 93' lang='lat' dir='ltr'>populo</span> <span class='ocrx_word' id='word_1_122' title='bbox 859 1903 999 1968; x_wconf 90' lang='lat' dir='ltr'>firmiter</span> <span class='ocrx_word' id='word_1_123' title='bbox 1037 1903 1252 1986; x_wconf 87' lang='lat' dir='ltr'>precipientes</span> <span class='ocrx_word' id='word_1_124' title='bbox 1293 1903 1495 1982; x_wconf 75' lang='lat' dir='ltr'>mandamus</span> 
     </span>
     <span class='ocr_line' id='line_1_17' title="bbox 313 1987 1495 2076; baseline 0.001 -20"><span class='ocrx_word' id='word_1_125' title='bbox 313 1999 476 2076; x_wconf 88' lang='lat' dir='ltr'>quatenus</span> <span class='ocrx_word' id='word_1_126' title='bbox 501 2015 521 2056; x_wconf 94' lang='lat' dir='ltr'>a</span> <span class='ocrx_word' id='word_1_127' title='bbox 545 1993 639 2058; x_wconf 91' lang='lat' dir='ltr'>modo</span> <span class='ocrx_word' id='word_1_128' title='bbox 663 1992 814 2076; x_wconf 89' lang='lat' dir='ltr'>deinceps</span> <span class='ocrx_word' id='word_1_129' title='bbox 837 1993 1003 2076; x_wconf 84' lang='lat' dir='ltr'>prefatum</span> <span class='ocrx_word' id='word_1_130' title='bbox 1027 1993 1193 2058; x_wconf 89' lang='lat' dir='ltr'>dominum</span> <span class='ocrx_word' id='word_1_131' title='bbox 1219 1987 1271 2074; x_wconf 61' lang='lat' dir='ltr'>te)</span> <span class='ocrx_word' id='word_1_132' title='bbox 1299 2013 1358 2076; x_wconf 92' lang='lat' dir='ltr'>pro</span> <span class='ocrx_word' id='word_1_133' title='bbox 1389 1999 1495 2076; x_wconf 86' lang='lat' dir='ltr'>vestro</span> 
     </span>
     <span class='ocr_line' id='line_1_18' title="bbox 312 2083 1495 2167; baseline 0 -21"><span class='ocrx_word' id='word_1_134' title='bbox 312 2105 387 2148; x_wconf 82' lang='lat' dir='ltr'>vero</span> <span class='ocrx_word' id='word_1_135' title='bbox 412 2089 445 2147; x_wconf 82' lang='lat' dir='ltr'>et</span> <span class='ocrx_word' id='word_1_136' title='bbox 467 2083 615 2166; x_wconf 87' lang='lat' dir='ltr'>legitimo</span> <span class='ocrx_word' id='word_1_137' title='bbox 640 2089 673 2147; x_wconf 93' lang='lat' dir='ltr'>et</span> <span class='ocrx_word' id='word_1_138' title='bbox 696 2084 885 2148; x_wconf 86' lang='lat' dir='ltr'>indubitato</span> <span class='ocrx_word' id='word_1_139' title='bbox 910 2083 1038 2148; x_wconf 92' lang='lat' dir='ltr'>domino</span> <span class='ocrx_word' id='word_1_140' title='bbox 1055 2089 1088 2147; x_wconf 92' lang='lat' dir='ltr'>et</span> <span class='ocrx_word' id='word_1_141' title='bbox 1103 2083 1229 2167; x_wconf 89' lang='lat' dir='ltr'>prelato</span> <span class='ocrx_word' id='word_1_142' title='bbox 1253 2089 1360 2148; x_wconf 84' lang='lat' dir='ltr'>vestro</span> <span class='ocrx_word' id='word_1_143' title='bbox 1385 2089 1495 2147; x_wconf 91' lang='lat' dir='ltr'>tenere</span> 
     </span>
     <span class='ocr_line' id='line_1_19' title="bbox 314 2173 1494 2256; baseline -0.002 -18"><span class='ocrx_word' id='word_1_144' title='bbox 314 2179 346 2238; x_wconf 94' lang='lat' dir='ltr'>et</span> <span class='ocrx_word' id='word_1_145' title='bbox 370 2194 569 2256; x_wconf 83' lang='lat' dir='ltr'>cognoscere,</span> <span class='ocrx_word' id='word_1_146' title='bbox 602 2175 773 2256; x_wconf 90' lang='lat' dir='ltr'>ipsumque</span> <span class='ocrx_word' id='word_1_147' title='bbox 806 2175 1016 2240; x_wconf 87' lang='lat' dir='ltr'>venerariac</span> <span class='ocrx_word' id='word_1_148' title='bbox 1040 2173 1201 2238; x_wconf 91' lang='lat' dir='ltr'>eidemin</span> <span class='ocrx_word' id='word_1_149' title='bbox 1225 2173 1374 2238; x_wconf 90' lang='lat' dir='ltr'>omnibus</span> <span class='ocrx_word' id='word_1_150' title='bbox 1406 2173 1494 2238; x_wconf 90' lang='lat' dir='ltr'>debi-</span> 
     </span>
     <span class='ocr_line' id='line_1_20' title="bbox 314 2263 1495 2348; baseline 0 -20"><span class='ocrx_word' id='word_1_151' title='bbox 314 2270 381 2328; x_wconf 92' lang='lat' dir='ltr'>tam</span> <span class='ocrx_word' id='word_1_152' title='bbox 405 2263 626 2328; x_wconf 88' lang='lat' dir='ltr'>obedienciam</span> <span class='ocrx_word' id='word_1_153' title='bbox 652 2270 685 2328; x_wconf 90' lang='lat' dir='ltr'>et</span> <span class='ocrx_word' id='word_1_154' title='bbox 709 2265 928 2328; x_wconf 85' lang='lat' dir='ltr'>reverenciam</span> <span class='ocrx_word' id='word_1_155' title='bbox 961 2285 1085 2348; x_wconf 90' lang='lat' dir='ltr'>semper</span> <span class='ocrx_word' id='word_1_156' title='bbox 1116 2263 1269 2328; x_wconf 81' lang='lat' dir='ltr'>exhibere</span> <span class='ocrx_word' id='word_1_157' title='bbox 1293 2263 1439 2328; x_wconf 84' lang='lat' dir='ltr'>debeatis</span> <span class='ocrx_word' id='word_1_158' title='bbox 1463 2268 1495 2328; x_wconf 88' lang='lat' dir='ltr'>et</span> 
     </span>
     <span class='ocr_line' id='line_1_21' title="bbox 313 2351 1341 2437; baseline -0.002 -19"><span class='ocrx_word' id='word_1_159' title='bbox 313 2354 497 2418; x_wconf 87' lang='lat' dir='ltr'>teneamini.</span> <span class='ocrx_word' id='word_1_160' title='bbox 522 2351 617 2418; x_wconf 86' lang='lat' dir='ltr'>Alias</span> <span class='ocrx_word' id='word_1_161' title='bbox 640 2354 748 2418; x_wconf 81' lang='lat' dir='ltr'>facere</span> <span class='ocrx_word' id='word_1_162' title='bbox 771 2355 956 2419; x_wconf 89' lang='lat' dir='ltr'>nullomodo</span> <span class='ocrx_word' id='word_1_163' title='bbox 979 2353 1183 2437; x_wconf 90' lang='lat' dir='ltr'>presumatis.</span> <span class='ocrx_word' id='word_1_164' title='bbox 1208 2352 1341 2418; x_wconf 89' lang='lat' dir='ltr'>Datum.</span> 
     </span>
    </p>
   </div>
   <div class='ocr_carea' id='block_1_3' title="bbox 421 2511 1066 2582">
    <p class='ocr_par' dir='ltr' id='par_1_3' title="bbox 421 2511 1066 2582">
     <span class='ocr_line' id='line_1_22' title="bbox 421 2511 1066 2582; baseline 0 -18"><span class='ocrx_word' id='word_1_165' title='bbox 421 2513 463 2564; x_wconf 70' lang='lat' dir='ltr'>Aa</span> <span class='ocrx_word' id='word_1_166' title='bbox 481 2511 542 2564; x_wconf 81' lang='lat' dir='ltr'>iret</span> <span class='ocrx_word' id='word_1_167' title='bbox 562 2511 641 2565; x_wconf 65' lang='lat' dir='ltr'>aru:</span> <span class='ocrx_word' id='word_1_168' title='bbox 662 2511 785 2564; x_wconf 89' lang='lat' dir='ltr'>Donaeio</span> <span class='ocrx_word' id='word_1_169' title='bbox 803 2512 1066 2582; x_wconf 85' lang='lat' dir='ltr'>archiepiscopatus.</span> 
     </span>
    </p>
   </div>
   <div class='ocr_carea' id='block_1_4' title="bbox 421 2653 838 2722">
    <p class='ocr_par' dir='ltr' id='par_1_4' title="bbox 421 2653 838 2722">
     <span class='ocr_line' id='line_1_23' title="bbox 421 2653 838 2722; baseline 0.002 -17"><span class='ocrx_word' id='word_1_170' title='bbox 421 2653 528 2718; x_wconf 90' lang='lat' dir='ltr'>(Kassai</span> <span class='ocrx_word' id='word_1_171' title='bbox 548 2659 718 2722; x_wconf 83' lang='lat' dir='ltr'>Formulare,</span> <span class='ocrx_word' id='word_1_172' title='bbox 742 2654 760 2707; x_wconf 82' lang='lat' dir='ltr'>f.</span> <span class='ocrx_word' id='word_1_173' title='bbox 787 2658 838 2717; x_wconf 86' lang='lat'>13.)</span> 
     </span>
    </p>
   </div>
   <div class='ocr_carea' id='block_1_5' title="bbox 476 2927 1333 3334">
    <p class='ocr_par' dir='ltr' id='par_1_5' title="bbox 476 2927 1333 3334">
     <span class='ocr_line' id='line_1_24' title="bbox 858 2927 949 2994; baseline -0.011 -3"><span class='ocrx_word' id='word_1_174' title='bbox 858 2927 949 2994; x_wconf 85' lang='lat' dir='ltr'>LIV.</span> 
     </span>
     <span class='ocr_line' id='line_1_25' title="bbox 801 3089 1010 3171; baseline -0.005 -19"><span class='ocrx_word' id='word_1_175' title='bbox 801 3094 885 3152; x_wconf 75' lang='lat'>1502</span> <span class='ocrx_word' id='word_1_176' title='bbox 911 3089 1010 3171; x_wconf 81' lang='lat' dir='ltr'>tajan.</span> 
     </span>
     <span class='ocr_line' id='line_1_26' title="bbox 476 3250 1333 3334; baseline -0.002 -16"><span class='ocrx_word' id='word_1_177' title='bbox 476 3254 525 3318; x_wconf 87' lang='lat' dir='ltr'>II.</span> <span class='ocrx_word' id='word_1_178' title='bbox 555 3253 687 3318; x_wconf 70' lang='lat' dir='ltr'>Ulcisalc&#39;</span> <span class='ocrx_word' id='word_1_179' title='bbox 709 3251 876 3317; x_wconf 72' lang='lat' dir='ltr'>dalreudini</span> <span class='ocrx_word' id='word_1_180' title='bbox 893 3250 1100 3334; x_wconf 49' lang='lat' dir='ltr'>jusocdulmol</span> <span class='ocrx_word' id='word_1_181' title='bbox 1123 3251 1333 3334; x_wconf 72' lang='lat' dir='ltr'>udomrtcpor.</span> 
     </span>
    </p>
   </div>
   <div class='ocr_carea' id='block_1_6' title="bbox 313 3409 1496 4307">
    <p class='ocr_par' dir='ltr' id='par_1_6' title="bbox 313 3409 1496 4307">
     <span class='ocr_line' id='line_1_27' title="bbox 421 3409 1496 3493; baseline -0.002 -15"><span class='ocrx_word' id='word_1_182' title='bbox 421 3414 490 3478; x_wconf 89' lang='lat' dir='ltr'>Nos</span> <span class='ocrx_word' id='word_1_183' title='bbox 514 3419 573 3478; x_wconf 90' lang='lat' dir='ltr'>etc.</span> <span class='ocrx_word' id='word_1_184' title='bbox 598 3413 757 3478; x_wconf 90' lang='lat' dir='ltr'>Memorie</span> <span class='ocrx_word' id='word_1_185' title='bbox 781 3412 1042 3476; x_wconf 90' lang='lat' dir='ltr'>commendamus</span> <span class='ocrx_word' id='word_1_186' title='bbox 1066 3417 1125 3475; x_wconf 90' lang='lat' dir='ltr'>eto.</span> <span class='ocrx_word' id='word_1_187' title='bbox 1160 3409 1255 3493; x_wconf 76' lang='lat' dir='ltr'>Quod</span> <span class='ocrx_word' id='word_1_188' title='bbox 1279 3435 1336 3476; x_wconf 90' lang='lat' dir='ltr'>nos</span> <span class='ocrx_word' id='word_1_189' title='bbox 1359 3413 1496 3476; x_wconf 87' lang='lat' dir='ltr'>attentis</span> 
     </span>
     <span class='ocr_line' id='line_1_28' title="bbox 314 3501 1496 3584; baseline -0.003 -15"><span class='ocrx_word' id='word_1_190' title='bbox 314 3512 347 3569; x_wconf 93' lang='lat' dir='ltr'>et</span> <span class='ocrx_word' id='word_1_191' title='bbox 380 3504 592 3568; x_wconf 86' lang='lat' dir='ltr'>consideratis</span> <span class='ocrx_word' id='word_1_192' title='bbox 627 3505 703 3584; x_wconf 91' lang='lat' dir='ltr'>vita,</span> <span class='ocrx_word' id='word_1_193' title='bbox 737 3505 868 3583; x_wconf 84' lang='lat' dir='ltr'>virtute,</span> <span class='ocrx_word' id='word_1_194' title='bbox 905 3523 1031 3568; x_wconf 90' lang='lat' dir='ltr'>morum</span> <span class='ocrx_word' id='word_1_195' title='bbox 1063 3501 1244 3566; x_wconf 84' lang='lat' dir='ltr'>honestatis</span> <span class='ocrx_word' id='word_1_196' title='bbox 1277 3508 1309 3566; x_wconf 91' lang='lat' dir='ltr'>et</span> <span class='ocrx_word' id='word_1_197' title='bbox 1341 3502 1496 3566; x_wconf 89' lang='lat' dir='ltr'>litteralis</span> 
     </span>
     <span class='ocr_line' id='line_1_29' title="bbox 313 3590 1496 3676; baseline -0.003 -16"><span class='ocrx_word' id='word_1_198' title='bbox 313 3594 450 3660; x_wconf 88' lang='lat' dir='ltr'>sciencie</span> <span class='ocrx_word' id='word_1_199' title='bbox 483 3593 672 3668; x_wconf 81' lang='lat' dir='ltr'>sufficienti</span> <span class='ocrx_word' id='word_1_200' title='bbox 691 3593 822 3676; x_wconf 85' lang='lat' dir='ltr'>pericia,</span> <span class='ocrx_word' id='word_1_201' title='bbox 862 3593 1000 3674; x_wconf 90' lang='lat' dir='ltr'>aliisque</span> <span class='ocrx_word' id='word_1_202' title='bbox 1032 3592 1157 3656; x_wconf 88' lang='lat' dir='ltr'>meritis</span> <span class='ocrx_word' id='word_1_203' title='bbox 1189 3590 1294 3656; x_wconf 90' lang='lat' dir='ltr'>fidelis</span> <span class='ocrx_word' id='word_1_204' title='bbox 1327 3593 1431 3656; x_wconf 89' lang='lat' dir='ltr'>nostri</span> <span class='ocrx_word' id='word_1_205' title='bbox 1464 3599 1496 3674; x_wconf 85' lang='lat' dir='ltr'>t,</span> 
     </span>
     <span class='ocr_line' id='line_1_30' title="bbox 314 3681 1495 3768; baseline -0.001 -20"><span class='ocrx_word' id='word_1_206' title='bbox 314 3684 433 3768; x_wconf 91' lang='lat' dir='ltr'>quibus</span> <span class='ocrx_word' id='word_1_207' title='bbox 456 3686 524 3768; x_wconf 90' lang='lat' dir='ltr'>ipse</span> <span class='ocrx_word' id='word_1_208' title='bbox 548 3683 635 3768; x_wconf 92' lang='lat' dir='ltr'>apud</span> <span class='ocrx_word' id='word_1_209' title='bbox 659 3705 716 3748; x_wconf 90' lang='lat' dir='ltr'>nos</span> <span class='ocrx_word' id='word_1_210' title='bbox 742 3683 985 3748; x_wconf 88' lang='lat' dir='ltr'>commendatus</span> <span class='ocrx_word' id='word_1_211' title='bbox 1019 3681 1138 3760; x_wconf 88' lang='lat' dir='ltr'>existit,</span> <span class='ocrx_word' id='word_1_212' title='bbox 1173 3682 1311 3746; x_wconf 90' lang='lat' dir='ltr'>eundem</span> <span class='ocrx_word' id='word_1_213' title='bbox 1335 3683 1377 3746; x_wconf 91' lang='lat' dir='ltr'>ad</span> <span class='ocrx_word' id='word_1_214' title='bbox 1400 3704 1495 3747; x_wconf 91' lang='lat' dir='ltr'>cano-</span> 
     </span>
     <span class='ocr_line' id='line_1_31' title="bbox 314 3771 1496 3856; baseline -0.001 -18"><span class='ocrx_word' id='word_1_215' title='bbox 314 3775 460 3840; x_wconf 91' lang='lat' dir='ltr'>nicatum</span> <span class='ocrx_word' id='word_1_216' title='bbox 493 3781 526 3838; x_wconf 90' lang='lat' dir='ltr'>et</span> <span class='ocrx_word' id='word_1_217' title='bbox 558 3773 757 3856; x_wconf 91' lang='lat' dir='ltr'>prebendam</span> <span class='ocrx_word' id='word_1_218' title='bbox 781 3774 815 3836; x_wconf 92' lang='lat' dir='ltr'>in</span> <span class='ocrx_word' id='word_1_219' title='bbox 839 3773 972 3837; x_wconf 88' lang='lat' dir='ltr'>ecelesia</span> <span class='ocrx_word' id='word_1_220' title='bbox 996 3777 1027 3853; x_wconf 93' lang='lat' dir='ltr'>t.,</span> <span class='ocrx_word' id='word_1_221' title='bbox 1055 3793 1113 3855; x_wconf 88' lang='lat' dir='ltr'>per</span> <span class='ocrx_word' id='word_1_222' title='bbox 1136 3776 1274 3835; x_wconf 90' lang='lat' dir='ltr'>mortem</span> <span class='ocrx_word' id='word_1_223' title='bbox 1297 3771 1496 3837; x_wconf 91' lang='lat' dir='ltr'>honorabilis</span> 
     </span>
     <span class='ocr_line' id='line_1_32' title="bbox 314 3861 1495 3946; baseline 0 -18"><span class='ocrx_word' id='word_1_224' title='bbox 314 3865 450 3930; x_wconf 91' lang='lat' dir='ltr'>condam</span> <span class='ocrx_word' id='word_1_225' title='bbox 474 3870 496 3928; x_wconf 93' lang='lat' dir='ltr'>t.</span> <span class='ocrx_word' id='word_1_226' title='bbox 521 3863 665 3928; x_wconf 90' lang='lat' dir='ltr'>eiusdem</span> <span class='ocrx_word' id='word_1_227' title='bbox 689 3865 900 3928; x_wconf 86' lang='lat' dir='ltr'>canonicatus</span> <span class='ocrx_word' id='word_1_228' title='bbox 924 3869 958 3928; x_wconf 92' lang='lat' dir='ltr'>et</span> <span class='ocrx_word' id='word_1_229' title='bbox 980 3861 1143 3946; x_wconf 90' lang='lat' dir='ltr'>prebende</span> <span class='ocrx_word' id='word_1_230' title='bbox 1167 3861 1285 3943; x_wconf 88' lang='lat' dir='ltr'>ultimi,</span> <span class='ocrx_word' id='word_1_231' title='bbox 1308 3863 1385 3944; x_wconf 84' lang='lat' dir='ltr'>veri,</span> <span class='ocrx_word' id='word_1_232' title='bbox 1417 3863 1495 3946; x_wconf 87' lang='lat' dir='ltr'>legi-</span> 
     </span>
     <span class='ocr_line' id='line_1_33' title="bbox 314 3951 1495 4036; baseline -0.001 -18"><span class='ocrx_word' id='word_1_233' title='bbox 314 3956 388 4018; x_wconf 91' lang='lat' dir='ltr'>timi</span> <span class='ocrx_word' id='word_1_234' title='bbox 412 3960 445 4019; x_wconf 89' lang='lat' dir='ltr'>et</span> <span class='ocrx_word' id='word_1_235' title='bbox 469 3954 650 4018; x_wconf 87' lang='lat' dir='ltr'>immediati</span> <span class='ocrx_word' id='word_1_236' title='bbox 682 3955 881 4036; x_wconf 88' lang='lat' dir='ltr'>possessoris,</span> <span class='ocrx_word' id='word_1_237' title='bbox 914 3952 954 4018; x_wconf 94' lang='lat' dir='ltr'>de</span> <span class='ocrx_word' id='word_1_238' title='bbox 985 3954 1058 4036; x_wconf 86' lang='lat' dir='ltr'>jure</span> <span class='ocrx_word' id='word_1_239' title='bbox 1081 3957 1114 4015; x_wconf 90' lang='lat' dir='ltr'>et</span> <span class='ocrx_word' id='word_1_240' title='bbox 1138 3951 1178 4015; x_wconf 94' lang='lat' dir='ltr'>de</span> <span class='ocrx_word' id='word_1_241' title='bbox 1205 3951 1294 4016; x_wconf 81' lang='lat' dir='ltr'>facto</span> <span class='ocrx_word' id='word_1_242' title='bbox 1316 3959 1495 4034; x_wconf 84' lang='lat' dir='ltr'>vacantem,</span> 
     </span>
     <span class='ocr_line' id='line_1_34' title="bbox 315 4041 1495 4128; baseline -0.003 -19"><span class='ocrx_word' id='word_1_243' title='bbox 315 4045 514 4110; x_wconf 89' lang='lat' dir='ltr'>auctoritate</span> <span class='ocrx_word' id='word_1_244' title='bbox 537 4045 618 4127; x_wconf 86' lang='lat' dir='ltr'>juris</span> <span class='ocrx_word' id='word_1_245' title='bbox 641 4049 836 4128; x_wconf 87' lang='lat' dir='ltr'>patronatus</span> <span class='ocrx_word' id='word_1_246' title='bbox 859 4042 963 4108; x_wconf 91' lang='lat' dir='ltr'>nostri</span> <span class='ocrx_word' id='word_1_247' title='bbox 986 4041 1114 4125; x_wconf 88' lang='lat' dir='ltr'>regalis,</span> <span class='ocrx_word' id='word_1_248' title='bbox 1139 4042 1224 4124; x_wconf 89' lang='lat' dir='ltr'>quod</span> <span class='ocrx_word' id='word_1_249' title='bbox 1251 4043 1445 4126; x_wconf 85' lang='lat' dir='ltr'>generaliter</span> <span class='ocrx_word' id='word_1_250' title='bbox 1461 4044 1495 4106; x_wconf 91' lang='lat' dir='ltr'>iu</span> 
     </span>
     <span class='ocr_line' id='line_1_35' title="bbox 315 4131 1493 4216; baseline -0.001 -18"><span class='ocrx_word' id='word_1_251' title='bbox 315 4134 464 4198; x_wconf 90' lang='lat' dir='ltr'>omnibus</span> <span class='ocrx_word' id='word_1_252' title='bbox 487 4136 580 4216; x_wconf 88' lang='lat' dir='ltr'>regni</span> <span class='ocrx_word' id='word_1_253' title='bbox 604 4135 701 4198; x_wconf 90' lang='lat' dir='ltr'>huius</span> <span class='ocrx_word' id='word_1_254' title='bbox 725 4135 828 4198; x_wconf 89' lang='lat' dir='ltr'>nostri</span> <span class='ocrx_word' id='word_1_255' title='bbox 854 4133 1004 4212; x_wconf 87' lang='lat' dir='ltr'>ecelesiis,</span> <span class='ocrx_word' id='word_1_256' title='bbox 1037 4154 1124 4198; x_wconf 89' lang='lat' dir='ltr'>more</span> <span class='ocrx_word' id='word_1_257' title='bbox 1153 4131 1414 4216; x_wconf 89' lang='lat' dir='ltr'>predecessorum</span> <span class='ocrx_word' id='word_1_258' title='bbox 1439 4155 1493 4197; x_wconf 93' lang='lat' dir='ltr'>no-</span> 
     </span>
     <span class='ocr_line' id='line_1_36' title="bbox 314 4221 1494 4307; baseline -0.001 -19"><span class='ocrx_word' id='word_1_259' title='bbox 314 4231 456 4290; x_wconf 91' lang='lat' dir='ltr'>strorum</span> <span class='ocrx_word' id='word_1_260' title='bbox 488 4245 602 4306; x_wconf 90' lang='lat' dir='ltr'>regum</span> <span class='ocrx_word' id='word_1_261' title='bbox 635 4224 809 4307; x_wconf 90' lang='lat' dir='ltr'>Hungarie</span> <span class='ocrx_word' id='word_1_262' title='bbox 832 4224 953 4289; x_wconf 90' lang='lat' dir='ltr'>habere</span> <span class='ocrx_word' id='word_1_263' title='bbox 977 4222 1185 4304; x_wconf 91' lang='lat' dir='ltr'>dinoscimur,</span> <span class='ocrx_word' id='word_1_264' title='bbox 1217 4221 1369 4287; x_wconf 84' lang='lat' dir='ltr'>duximus</span> <span class='ocrx_word' id='word_1_265' title='bbox 1392 4224 1494 4287; x_wconf 90' lang='lat' dir='ltr'>nomi-</span> 
     </span>
    </p>
   </div>
   <div class='ocr_carea' id='block_1_7' title="bbox 313 4375 527 4383">
    <p class='ocr_par' dir='ltr' id='par_1_7' title="bbox 313 4375 527 4383">
     <span class='ocr_line' id='line_1_37' title="bbox 313 4375 527 4383; baseline 0.005 -1"><span class='ocrx_word' id='word_1_266' title='bbox 313 4375 527 4383; x_wconf 52' lang='lat' dir='ltr'>-n———m—</span> 
     </span>
    </p>
   </div>
   <div class='ocr_carea' id='block_1_8' title="bbox 422 4453 882 4658">
    <p class='ocr_par' dir='ltr' id='par_1_8' title="bbox 422 4453 882 4658">
     <span class='ocr_line' id='line_1_38' title="bbox 425 4453 757 4514; baseline -0.021 -8"><span class='ocrx_word' id='word_1_267' title='bbox 425 4457 442 4514; x_wconf 92' lang='lat'>¹)</span> <span class='ocrx_word' id='word_1_268' title='bbox 465 4453 556 4505; x_wconf 81' lang='lat' dir='ltr'>»Petri</span> <span class='ocrx_word' id='word_1_269' title='bbox 576 4454 610 4505; x_wconf 87' lang='lat' dir='ltr'>de</span> <span class='ocrx_word' id='word_1_270' title='bbox 630 4455 757 4507; x_wconf 79' lang='lat' dir='ltr'>Warda«</span> 
     </span>
     <span class='ocr_line' id='line_1_39' title="bbox 422 4525 882 4586; baseline -0.015 -7"><span class='ocrx_word' id='word_1_271' title='bbox 422 4530 442 4586; x_wconf 56' lang='grc'>9)</span> <span class='ocrx_word' id='word_1_272' title='bbox 464 4525 633 4578; x_wconf 76' lang='lat' dir='ltr'>»colocensis</span> <span class='ocrx_word' id='word_1_273' title='bbox 652 4531 680 4578; x_wconf 90' lang='lat' dir='ltr'>et</span> <span class='ocrx_word' id='word_1_274' title='bbox 699 4526 882 4578; x_wconf 82' lang='lat' dir='ltr'>Bachiensis.«</span> 
     </span>
     <span class='ocr_line' id='line_1_40' title="bbox 423 4595 829 4658; baseline -0.015 -9"><span class='ocrx_word' id='word_1_275' title='bbox 423 4602 442 4658; x_wconf 73' lang='lat'>³)</span> <span class='ocrx_word' id='word_1_276' title='bbox 466 4595 642 4649; x_wconf 69' lang='lat' dir='ltr'>»Ladislaum</span> <span class='ocrx_word' id='word_1_277' title='bbox 662 4597 695 4650; x_wconf 91' lang='lat' dir='ltr'>de</span> <span class='ocrx_word' id='word_1_278' title='bbox 716 4596 829 4650; x_wconf 80' lang='lat' dir='ltr'>Gereb.‹</span> 
     </span>
    </p>
   </div>
   <div class='ocr_carea' id='block_1_9' title="bbox 0 0 1737 5492">
    <p class='ocr_par' dir='ltr' id='par_1_9' title="bbox 0 0 1737 5492">
     <span class='ocr_line' id='line_1_41' title="bbox 0 0 1737 5492; baseline 0 0"><span class='ocrx_word' id='word_1_279' title='bbox 0 0 1737 5492; x_wconf 95' lang='lat' dir='ltr'> </span> 
     </span>
    </p>
   </div>
  </div>
 </body>
</html>
