<?xml version="1.0" encoding="UTF-8"?>
<!DOCTYPE html PUBLIC "-//W3C//DTD XHTML 1.0 Transitional//EN"
    "http://www.w3.org/TR/xhtml1/DTD/xhtml1-transitional.dtd">
<html xmlns="http://www.w3.org/1999/xhtml" xml:lang="en" lang="en">
 <head>
  <title>
</title>
<meta http-equiv="Content-Type" content="text/html;charset=utf-8" />
  <meta name='ocr-system' content='tesseract 3.04.00' />
  <meta name='ocr-capabilities' content='ocr_page ocr_carea ocr_par ocr_line ocrx_word'/>
</head>
<body>
  <div class='ocr_page' id='page_1' title='image "./oklevltramagyar00frakgoog_0119.png"; bbox 0 0 3454 5492; ppageno 0'>
   <div class='ocr_carea' id='block_1_1' title="bbox 313 452 994 514">
    <p class='ocr_par' dir='ltr' id='par_1_1' title="bbox 313 452 994 514">
     <span class='ocr_line' id='line_1_1' title="bbox 313 452 994 514; baseline 0 -2"><span class='ocrx_word' id='word_1_1' title='bbox 313 452 353 513; x_wconf 75' lang='lat'><strong>82</strong></span> <span class='ocrx_word' id='word_1_2' title='bbox 809 457 994 514; x_wconf 73' lang='grc'><strong>0333313313</strong></span> 
     </span>
    </p>
   </div>
   <div class='ocr_carea' id='block_1_2' title="bbox 239 647 1498 4693">
    <p class='ocr_par' dir='ltr' id='par_1_2' title="bbox 239 647 1498 4693">
     <span class='ocr_line' id='line_1_2' title="bbox 312 647 1495 731; baseline -0.001 -20"><span class='ocrx_word' id='word_1_3' title='bbox 312 647 546 729; x_wconf 78' lang='lat' dir='ltr'><strong>humiliterque</strong></span> <span class='ocrx_word' id='word_1_4' title='bbox 578 667 616 711; x_wconf 88' lang='lat' dir='ltr'><strong>ac</strong></span> <span class='ocrx_word' id='word_1_5' title='bbox 649 647 772 728; x_wconf 89' lang='lat' dir='ltr'><strong>devote,</strong></span> <span class='ocrx_word' id='word_1_6' title='bbox 806 654 843 712; x_wconf 91' lang='lat' dir='ltr'><strong>ut</strong></span> <span class='ocrx_word' id='word_1_7' title='bbox 875 647 1057 731; x_wconf 91' lang='lat' dir='ltr'><strong>patrocinio</strong></span> <span class='ocrx_word' id='word_1_8' title='bbox 1089 647 1276 711; x_wconf 91' lang='lat' dir='ltr'><strong>litterarum</strong></span> <span class='ocrx_word' id='word_1_9' title='bbox 1308 651 1495 712; x_wconf 89' lang='lat' dir='ltr'><strong>nostrarum</strong></span> 
     </span>
     <span class='ocr_line' id='line_1_3' title="bbox 312 737 1495 822; baseline -0.001 -22"><span class='ocrx_word' id='word_1_10' title='bbox 312 737 652 802; x_wconf 71' lang='lat' dir='ltr'><strong>commendatitiarum</strong></span> <span class='ocrx_word' id='word_1_11' title='bbox 676 738 779 803; x_wconf 92' lang='lat' dir='ltr'><strong>eidem</strong></span> <span class='ocrx_word' id='word_1_12' title='bbox 804 739 943 821; x_wconf 91' lang='lat' dir='ltr'><strong>benigne</strong></span> <span class='ocrx_word' id='word_1_13' title='bbox 964 739 1169 822; x_wconf 87' lang='lat' dir='ltr'><strong>gratioseqne</strong></span> <span class='ocrx_word' id='word_1_14' title='bbox 1189 758 1414 816; x_wconf 82' lang='lat' dir='ltr'><strong>annueremus,</strong></span> <span class='ocrx_word' id='word_1_15' title='bbox 1432 758 1495 819; x_wconf 92' lang='lat' dir='ltr'><strong>quo</strong></span> 
     </span>
     <span class='ocr_line' id='line_1_4' title="bbox 312 827 1495 910; baseline -0.001 -19"><span class='ocrx_word' id='word_1_16' title='bbox 312 827 454 910; x_wconf 87' lang='lat' dir='ltr'><strong>aliquem</strong></span> <span class='ocrx_word' id='word_1_17' title='bbox 479 848 518 890; x_wconf 84' lang='lat' dir='ltr'><strong>ex</strong></span> <span class='ocrx_word' id='word_1_18' title='bbox 541 828 654 891; x_wconf 90' lang='lat' dir='ltr'><strong>ordine</strong></span> <span class='ocrx_word' id='word_1_19' title='bbox 678 829 747 910; x_wconf 92' lang='lat' dir='ltr'><strong>ipso</strong></span> <span class='ocrx_word' id='word_1_20' title='bbox 771 827 813 893; x_wconf 90' lang='lat' dir='ltr'><strong>ad</strong></span> <span class='ocrx_word' id='word_1_21' title='bbox 837 828 897 892; x_wconf 93' lang='lat' dir='ltr'><strong>hoc</strong></span> <span class='ocrx_word' id='word_1_22' title='bbox 921 829 1081 907; x_wconf 90' lang='lat' dir='ltr'><strong>idoneum,</strong></span> <span class='ocrx_word' id='word_1_23' title='bbox 1098 829 1165 891; x_wconf 86' lang='lat' dir='ltr'><strong>vita</strong></span> <span class='ocrx_word' id='word_1_24' title='bbox 1183 833 1217 890; x_wconf 91' lang='lat' dir='ltr'><strong>et</strong></span> <span class='ocrx_word' id='word_1_25' title='bbox 1240 827 1385 892; x_wconf 90' lang='lat' dir='ltr'><strong>moribus</strong></span> <span class='ocrx_word' id='word_1_26' title='bbox 1411 847 1495 891; x_wconf 90' lang='lat' dir='ltr'><strong>com-</strong></span> 
     </span>
     <span class='ocr_line' id='line_1_5' title="bbox 313 915 1496 1002; baseline -0.001 -21"><span class='ocrx_word' id='word_1_27' title='bbox 313 917 538 997; x_wconf 91' lang='lat' dir='ltr'><strong>mendabilem,</strong></span> <span class='ocrx_word' id='word_1_28' title='bbox 573 917 615 981; x_wconf 92' lang='lat' dir='ltr'><strong>ad</strong></span> <span class='ocrx_word' id='word_1_29' title='bbox 639 915 766 996; x_wconf 82' lang='lat' dir='ltr'><strong>Gallias</strong></span> <span class='ocrx_word' id='word_1_30' title='bbox 799 919 931 982; x_wconf 91' lang='lat' dir='ltr'><strong>mittere</strong></span> <span class='ocrx_word' id='word_1_31' title='bbox 965 923 1081 1002; x_wconf 91' lang='lat' dir='ltr'><strong>posset,</strong></span> <span class='ocrx_word' id='word_1_32' title='bbox 1114 918 1155 981; x_wconf 92' lang='lat' dir='ltr'><strong>ad</strong></span> <span class='ocrx_word' id='word_1_33' title='bbox 1180 917 1430 981; x_wconf 90' lang='lat' dir='ltr'><strong>fundamentum</strong></span> <span class='ocrx_word' id='word_1_34' title='bbox 1463 923 1496 980; x_wconf 91' lang='lat' dir='ltr'><strong>et</strong></span> 
     </span>
     <span class='ocr_line' id='line_1_6' title="bbox 312 1007 1494 1091; baseline -0.001 -21"><span class='ocrx_word' id='word_1_35' title='bbox 312 1013 411 1090; x_wconf 89' lang='lat' dir='ltr'><strong>caput</strong></span> <span class='ocrx_word' id='word_1_36' title='bbox 443 1007 544 1090; x_wconf 90' lang='lat' dir='ltr'><strong>ipsius</strong></span> <span class='ocrx_word' id='word_1_37' title='bbox 577 1008 709 1088; x_wconf 74' lang='lat' dir='ltr'><strong>ordinis</strong></span> <span class='ocrx_word' id='word_1_38' title='bbox 744 1008 800 1091; x_wconf 94' lang='lat' dir='ltr'><strong>qui</strong></span> <span class='ocrx_word' id='word_1_39' title='bbox 838 1008 1034 1073; x_wconf 82' lang='lat' dir='ltr'><strong>archiabbas</strong></span> <span class='ocrx_word' id='word_1_40' title='bbox 1067 1013 1210 1087; x_wconf 83' lang='lat' dir='ltr'><strong>vocatur,</strong></span> <span class='ocrx_word' id='word_1_41' title='bbox 1244 1029 1264 1072; x_wconf 91' lang='lat' dir='ltr'><strong>a</strong></span> <span class='ocrx_word' id='word_1_42' title='bbox 1298 1029 1362 1089; x_wconf 93' lang='lat' dir='ltr'><strong>quo</strong></span> <span class='ocrx_word' id='word_1_43' title='bbox 1394 1007 1494 1070; x_wconf 88' lang='lat' dir='ltr'><strong>etiam</strong></span> 
     </span>
     <span class='ocr_line' id='line_1_7' title="bbox 313 1095 1496 1181; baseline -0.002 -20"><span class='ocrx_word' id='word_1_44' title='bbox 313 1097 457 1179; x_wconf 84' lang='lat' dir='ltr'><strong>generali</strong></span> <span class='ocrx_word' id='word_1_45' title='bbox 480 1097 581 1180; x_wconf 88' lang='lat' dir='ltr'><strong>ipsius</strong></span> <span class='ocrx_word' id='word_1_46' title='bbox 605 1098 728 1162; x_wconf 87' lang='lat' dir='ltr'><strong>ordinis</strong></span> <span class='ocrx_word' id='word_1_47' title='bbox 752 1098 896 1181; x_wconf 90' lang='lat' dir='ltr'><strong>capitulo</strong></span> <span class='ocrx_word' id='word_1_48' title='bbox 919 1120 977 1181; x_wconf 90' lang='lat' dir='ltr'><strong>pro</strong></span> <span class='ocrx_word' id='word_1_49' title='bbox 1001 1103 1158 1181; x_wconf 89' lang='lat' dir='ltr'><strong>perpetua</strong></span> <span class='ocrx_word' id='word_1_50' title='bbox 1182 1097 1386 1179; x_wconf 91' lang='lat' dir='ltr'><strong>salutarique</strong></span> <span class='ocrx_word' id='word_1_51' title='bbox 1409 1095 1496 1159; x_wconf 92' lang='lat' dir='ltr'><strong>ordi-</strong></span> 
     </span>
     <span class='ocr_line' id='line_1_8' title="bbox 314 1186 1496 1271; baseline -0.002 -21"><span class='ocrx_word' id='word_1_52' title='bbox 314 1188 364 1251; x_wconf 86' lang='lat' dir='ltr'><strong>nis</strong></span> <span class='ocrx_word' id='word_1_53' title='bbox 398 1187 628 1251; x_wconf 79' lang='lat' dir='ltr'><strong>reformatione</strong></span> <span class='ocrx_word' id='word_1_54' title='bbox 663 1189 776 1270; x_wconf 92' lang='lat' dir='ltr'><strong>aliqua</strong></span> <span class='ocrx_word' id='word_1_55' title='bbox 815 1188 960 1271; x_wconf 90' lang='lat' dir='ltr'><strong>capitula</strong></span> <span class='ocrx_word' id='word_1_56' title='bbox 998 1188 1217 1269; x_wconf 82' lang='lat' dir='ltr'><strong>articulosque</strong></span> <span class='ocrx_word' id='word_1_57' title='bbox 1256 1186 1382 1269; x_wconf 91' lang='lat' dir='ltr'><strong>aliquos</strong></span> <span class='ocrx_word' id='word_1_58' title='bbox 1420 1186 1496 1251; x_wconf 91' lang='lat' dir='ltr'><strong>inde</strong></span> 
     </span>
     <span class='ocr_line' id='line_1_9' title="bbox 313 1275 1495 1360; baseline -0.001 -20"><span class='ocrx_word' id='word_1_59' title='bbox 313 1284 480 1360; x_wconf 87' lang='lat' dir='ltr'><strong>reportare</strong></span> <span class='ocrx_word' id='word_1_60' title='bbox 504 1283 618 1359; x_wconf 91' lang='lat' dir='ltr'><strong>posset.</strong></span> <span class='ocrx_word' id='word_1_61' title='bbox 644 1275 709 1360; x_wconf 78' lang='lat' dir='ltr'><strong>Qui</strong></span> <span class='ocrx_word' id='word_1_62' title='bbox 733 1299 807 1342; x_wconf 91' lang='lat' dir='ltr'><strong>cum</strong></span> <span class='ocrx_word' id='word_1_63' title='bbox 831 1300 870 1342; x_wconf 83' lang='lat' dir='ltr'><strong>ex</strong></span> <span class='ocrx_word' id='word_1_64' title='bbox 894 1279 1052 1343; x_wconf 91' lang='lat' dir='ltr'><strong>eiusmodi</strong></span> <span class='ocrx_word' id='word_1_65' title='bbox 1076 1283 1188 1342; x_wconf 88' lang='lat' dir='ltr'><strong>nostra</strong></span> <span class='ocrx_word' id='word_1_66' title='bbox 1212 1278 1401 1356; x_wconf 91' lang='lat' dir='ltr'><strong>annuentia,</strong></span> <span class='ocrx_word' id='word_1_67' title='bbox 1430 1297 1495 1338; x_wconf 91' lang='lat' dir='ltr'><strong>ma-</strong></span> 
     </span>
     <span class='ocr_line' id='line_1_10' title="bbox 313 1366 1495 1450; baseline -0.002 -20"><span class='ocrx_word' id='word_1_68' title='bbox 313 1375 389 1431; x_wconf 90' lang='lat' dir='ltr'><strong>tura</strong></span> <span class='ocrx_word' id='word_1_69' title='bbox 412 1367 605 1450; x_wconf 86' lang='lat' dir='ltr'><strong>praehabita</strong></span> <span class='ocrx_word' id='word_1_70' title='bbox 630 1368 873 1448; x_wconf 87' lang='lat' dir='ltr'><strong>deliberatione,</strong></span> <span class='ocrx_word' id='word_1_71' title='bbox 897 1367 1025 1432; x_wconf 87' lang='lat' dir='ltr'><strong>fidelem</strong></span> <span class='ocrx_word' id='word_1_72' title='bbox 1049 1375 1197 1432; x_wconf 90' lang='lat' dir='ltr'><strong>nostrum</strong></span> <span class='ocrx_word' id='word_1_73' title='bbox 1222 1366 1439 1431; x_wconf 88' lang='lat' dir='ltr'><strong>venerabilem</strong></span> <span class='ocrx_word' id='word_1_74' title='bbox 1463 1371 1495 1428; x_wconf 93' lang='lat' dir='ltr'><strong>et</strong></span> 
     </span>
     <span class='ocr_line' id='line_1_11' title="bbox 313 1455 1496 1540; baseline -0.003 -20"><span class='ocrx_word' id='word_1_75' title='bbox 313 1457 499 1540; x_wconf 89' lang='lat' dir='ltr'><strong>religiosum</strong></span> <span class='ocrx_word' id='word_1_76' title='bbox 529 1456 665 1522; x_wconf 91' lang='lat' dir='ltr'><strong>fratrem</strong></span> <span class='ocrx_word' id='word_1_77' title='bbox 690 1457 834 1522; x_wconf 90' lang='lat' dir='ltr'><strong>Urielem</strong></span> <span class='ocrx_word' id='word_1_78' title='bbox 866 1458 905 1522; x_wconf 90' lang='lat' dir='ltr'><strong>de</strong></span> <span class='ocrx_word' id='word_1_79' title='bbox 936 1457 1111 1540; x_wconf 87' lang='lat' dir='ltr'><strong>Majtheny</strong></span> <span class='ocrx_word' id='word_1_80' title='bbox 1138 1457 1339 1540; x_wconf 88' lang='lat' dir='ltr'><strong>prepositum</strong></span> <span class='ocrx_word' id='word_1_81' title='bbox 1363 1455 1496 1520; x_wconf 89' lang='lat' dir='ltr'><strong>ecclesie</strong></span> 
     </span>
     <span class='ocr_line' id='line_1_12' title="bbox 312 1547 1495 1629; baseline -0.002 -19"><span class='ocrx_word' id='word_1_82' title='bbox 312 1547 351 1610; x_wconf 91' lang='lat' dir='ltr'><strong>de</strong></span> <span class='ocrx_word' id='word_1_83' title='bbox 376 1547 535 1625; x_wconf 77' lang='lat' dir='ltr'><strong>Thurocz,</strong></span> <span class='ocrx_word' id='word_1_84' title='bbox 560 1547 738 1629; x_wconf 90' lang='lat' dir='ltr'><strong>professum</strong></span> <span class='ocrx_word' id='word_1_85' title='bbox 763 1549 906 1613; x_wconf 89' lang='lat' dir='ltr'><strong>eiusdem</strong></span> <span class='ocrx_word' id='word_1_86' title='bbox 940 1548 1063 1612; x_wconf 93' lang='lat' dir='ltr'><strong>ordinis</strong></span> <span class='ocrx_word' id='word_1_87' title='bbox 1097 1548 1269 1629; x_wconf 84' lang='lat' dir='ltr'><strong>delegisset</strong></span> <span class='ocrx_word' id='word_1_88' title='bbox 1293 1568 1331 1609; x_wconf 88' lang='lat' dir='ltr'><strong>ex</strong></span> <span class='ocrx_word' id='word_1_89' title='bbox 1356 1547 1495 1626; x_wconf 89' lang='lat' dir='ltr'><strong>hincque</strong></span> 
     </span>
     <span class='ocr_line' id='line_1_13' title="bbox 313 1635 1496 1721; baseline -0.003 -21"><span class='ocrx_word' id='word_1_90' title='bbox 313 1642 421 1700; x_wconf 91' lang='lat' dir='ltr'><strong>tamen</strong></span> <span class='ocrx_word' id='word_1_91' title='bbox 446 1637 597 1701; x_wconf 89' lang='lat' dir='ltr'><strong>rediisset</strong></span> <span class='ocrx_word' id='word_1_92' title='bbox 620 1638 661 1701; x_wconf 94' lang='lat' dir='ltr'><strong>ad</strong></span> <span class='ocrx_word' id='word_1_93' title='bbox 686 1643 898 1721; x_wconf 90' lang='lat' dir='ltr'><strong>nostrumque</strong></span> <span class='ocrx_word' id='word_1_94' title='bbox 930 1644 1211 1720; x_wconf 87' lang='lat' dir='ltr'><strong>conspectumque,</strong></span> <span class='ocrx_word' id='word_1_95' title='bbox 1235 1657 1301 1700; x_wconf 87' lang='lat' dir='ltr'><strong>una</strong></span> <span class='ocrx_word' id='word_1_96' title='bbox 1324 1658 1398 1701; x_wconf 89' lang='lat' dir='ltr'><strong>curn</strong></span> <span class='ocrx_word' id='word_1_97' title='bbox 1421 1635 1496 1698; x_wconf 89' lang='lat' dir='ltr'><strong>reli·</strong></span> 
     </span>
     <span class='ocr_line' id='line_1_14' title="bbox 314 1725 1496 1810; baseline -0.001 -21"><span class='ocrx_word' id='word_1_98' title='bbox 314 1728 401 1808; x_wconf 93' lang='lat' dir='ltr'><strong>gioso</strong></span> <span class='ocrx_word' id='word_1_99' title='bbox 425 1731 457 1789; x_wconf 92' lang='lat' dir='ltr'><strong>et</strong></span> <span class='ocrx_word' id='word_1_100' title='bbox 482 1727 659 1791; x_wconf 88' lang='lat' dir='ltr'><strong>venerabili</strong></span> <span class='ocrx_word' id='word_1_101' title='bbox 682 1735 777 1809; x_wconf 90' lang='lat' dir='ltr'><strong>patre</strong></span> <span class='ocrx_word' id='word_1_102' title='bbox 807 1728 983 1793; x_wconf 83' lang='lat' dir='ltr'><strong>Francisco</strong></span> <span class='ocrx_word' id='word_1_103' title='bbox 1016 1728 1056 1791; x_wconf 92' lang='lat' dir='ltr'><strong>de</strong></span> <span class='ocrx_word' id='word_1_104' title='bbox 1088 1726 1302 1810; x_wconf 85' lang='lat' dir='ltr'><strong>Feghvernek</strong></span> <span class='ocrx_word' id='word_1_105' title='bbox 1333 1725 1496 1809; x_wconf 88' lang='lat' dir='ltr'><strong>preposito</strong></span> 
     </span>
     <span class='ocr_line' id='line_1_15' title="bbox 313 1815 1496 1900; baseline -0.003 -20"><span class='ocrx_word' id='word_1_106' title='bbox 313 1817 445 1880; x_wconf 90' lang='lat' dir='ltr'><strong>ecclesie</strong></span> <span class='ocrx_word' id='word_1_107' title='bbox 469 1816 509 1879; x_wconf 93' lang='lat' dir='ltr'><strong>de</strong></span> <span class='ocrx_word' id='word_1_108' title='bbox 532 1815 651 1899; x_wconf 85' lang='lat' dir='ltr'><strong>Saagh,</strong></span> <span class='ocrx_word' id='word_1_109' title='bbox 676 1817 827 1882; x_wconf 91' lang='lat' dir='ltr'><strong>similiter</strong></span> <span class='ocrx_word' id='word_1_110' title='bbox 851 1819 993 1882; x_wconf 92' lang='lat' dir='ltr'><strong>eiusdem</strong></span> <span class='ocrx_word' id='word_1_111' title='bbox 1025 1817 1147 1883; x_wconf 91' lang='lat' dir='ltr'><strong>ordinis</strong></span> <span class='ocrx_word' id='word_1_112' title='bbox 1175 1816 1325 1900; x_wconf 85' lang='lat' dir='ltr'><strong>professe,</strong></span> <span class='ocrx_word' id='word_1_113' title='bbox 1349 1837 1388 1880; x_wconf 89' lang='lat' dir='ltr'><strong>ex</strong></span> <span class='ocrx_word' id='word_1_114' title='bbox 1412 1836 1496 1878; x_wconf 93' lang='lat' dir='ltr'><strong>com-</strong></span> 
     </span>
     <span class='ocr_line' id='line_1_16' title="bbox 314 1906 1497 1989; baseline -0.002 -20"><span class='ocrx_word' id='word_1_115' title='bbox 314 1906 405 1969; x_wconf 92' lang='lat' dir='ltr'><strong>muni</strong></span> <span class='ocrx_word' id='word_1_116' title='bbox 435 1907 674 1989; x_wconf 87' lang='lat' dir='ltr'><strong>prepositorum</strong></span> <span class='ocrx_word' id='word_1_117' title='bbox 707 1914 740 1971; x_wconf 88' lang='lat' dir='ltr'><strong>et</strong></span> <span class='ocrx_word' id='word_1_118' title='bbox 777 1908 919 1972; x_wconf 89' lang='lat' dir='ltr'><strong>fratrum</strong></span> <span class='ocrx_word' id='word_1_119' title='bbox 953 1907 1307 1972; x_wconf 89' lang='lat' dir='ltr'><strong>Premonstratensium</strong></span> <span class='ocrx_word' id='word_1_120' title='bbox 1338 1906 1371 1969; x_wconf 92' lang='lat' dir='ltr'><strong>in</strong></span> <span class='ocrx_word' id='word_1_121' title='bbox 1397 1925 1497 1987; x_wconf 92' lang='lat' dir='ltr'><strong>regno</strong></span> 
     </span>
     <span class='ocr_line' id='line_1_17' title="bbox 314 1994 1496 2080; baseline -0.002 -21"><span class='ocrx_word' id='word_1_122' title='bbox 314 1997 374 2060; x_wconf 93' lang='lat' dir='ltr'><strong>hoc</strong></span> <span class='ocrx_word' id='word_1_123' title='bbox 399 2003 509 2060; x_wconf 91' lang='lat' dir='ltr'><strong>nostro</strong></span> <span class='ocrx_word' id='word_1_124' title='bbox 532 1997 706 2080; x_wconf 91' lang='lat' dir='ltr'><strong>Hungarie</strong></span> <span class='ocrx_word' id='word_1_125' title='bbox 740 1998 950 2063; x_wconf 90' lang='lat' dir='ltr'><strong>existentium</strong></span> <span class='ocrx_word' id='word_1_126' title='bbox 983 1999 1151 2062; x_wconf 89' lang='lat' dir='ltr'><strong>voluntate</strong></span> <span class='ocrx_word' id='word_1_127' title='bbox 1182 1997 1374 2075; x_wconf 88' lang='lat' dir='ltr'><strong>accessisset,</strong></span> <span class='ocrx_word' id='word_1_128' title='bbox 1408 1994 1496 2058; x_wconf 85' lang='lat' dir='ltr'><strong>exhi-</strong></span> 
     </span>
     <span class='ocr_line' id='line_1_18' title="bbox 313 2085 1496 2170; baseline -0.003 -20"><span class='ocrx_word' id='word_1_129' title='bbox 313 2087 457 2150; x_wconf 90' lang='lat' dir='ltr'><strong>buerunt</strong></span> <span class='ocrx_word' id='word_1_130' title='bbox 491 2087 583 2151; x_wconf 91' lang='lat' dir='ltr'><strong>nobis</strong></span> <span class='ocrx_word' id='word_1_131' title='bbox 616 2095 648 2151; x_wconf 92' lang='lat' dir='ltr'><strong>et</strong></span> <span class='ocrx_word' id='word_1_132' title='bbox 680 2089 907 2170; x_wconf 89' lang='lat' dir='ltr'><strong>produxerunt</strong></span> <span class='ocrx_word' id='word_1_133' title='bbox 939 2094 1043 2153; x_wconf 91' lang='lat' dir='ltr'><strong>certas</strong></span> <span class='ocrx_word' id='word_1_134' title='bbox 1081 2088 1195 2152; x_wconf 88' lang='lat' dir='ltr'><strong>literas</strong></span> <span class='ocrx_word' id='word_1_135' title='bbox 1233 2086 1352 2170; x_wconf 86' lang='lat' dir='ltr'><strong>prefati</strong></span> <span class='ocrx_word' id='word_1_136' title='bbox 1391 2085 1496 2148; x_wconf 89' lang='lat' dir='ltr'><strong>archi-</strong></span> 
     </span>
     <span class='ocr_line' id='line_1_19' title="bbox 313 2176 1496 2262; baseline -0.002 -22"><span class='ocrx_word' id='word_1_137' title='bbox 313 2177 444 2240; x_wconf 87' lang='lat' dir='ltr'><strong>abbatis</strong></span> <span class='ocrx_word' id='word_1_138' title='bbox 469 2185 501 2240; x_wconf 90' lang='lat' dir='ltr'><strong>et</strong></span> <span class='ocrx_word' id='word_1_139' title='bbox 525 2177 661 2259; x_wconf 88' lang='lat' dir='ltr'><strong>capituli</strong></span> <span class='ocrx_word' id='word_1_140' title='bbox 685 2178 782 2242; x_wconf 90' lang='lat' dir='ltr'><strong>simul</strong></span> <span class='ocrx_word' id='word_1_141' title='bbox 806 2179 966 2262; x_wconf 91' lang='lat' dir='ltr'><strong>generalis</strong></span> <span class='ocrx_word' id='word_1_142' title='bbox 990 2178 1113 2242; x_wconf 86' lang='lat' dir='ltr'><strong>ordinis</strong></span> <span class='ocrx_word' id='word_1_143' title='bbox 1146 2177 1247 2260; x_wconf 93' lang='lat' dir='ltr'><strong>ipsius</strong></span> <span class='ocrx_word' id='word_1_144' title='bbox 1272 2176 1496 2240; x_wconf 90' lang='lat' dir='ltr'><strong>Premonstra-</strong></span> 
     </span>
     <span class='ocr_line' id='line_1_20' title="bbox 315 2264 1494 2351; baseline -0.002 -21"><span class='ocrx_word' id='word_1_145' title='bbox 315 2267 423 2346; x_wconf 88' lang='grc'><strong>103313,</strong></span> <span class='ocrx_word' id='word_1_146' title='bbox 448 2266 481 2329; x_wconf 91' lang='grc'><strong>13</strong></span> <span class='ocrx_word' id='word_1_147' title='bbox 506 2267 623 2349; x_wconf 91' lang='lat' dir='ltr'><strong>oppido</strong></span> <span class='ocrx_word' id='word_1_148' title='bbox 647 2270 752 2332; x_wconf 89' lang='lat' dir='ltr'><strong>sancti</strong></span> <span class='ocrx_word' id='word_1_149' title='bbox 782 2267 935 2351; x_wconf 81' lang='lat' dir='ltr'><strong>Quintini</strong></span> <span class='ocrx_word' id='word_1_150' title='bbox 958 2269 993 2332; x_wconf 92' lang='grc'><strong>13</strong></span> <span class='ocrx_word' id='word_1_151' title='bbox 1006 2267 1223 2335; x_wconf 77' lang='lat' dir='ltr'><strong>Viromandis</strong></span> <span class='ocrx_word' id='word_1_152' title='bbox 1246 2266 1410 2345; x_wconf 91' lang='lat' dir='ltr'><strong>celebrati,</strong></span> <span class='ocrx_word' id='word_1_153' title='bbox 1435 2264 1494 2329; x_wconf 89' lang='lat' dir='ltr'><strong>sub</strong></span> 
     </span>
     <span class='ocr_line' id='line_1_21' title="bbox 314 2356 1496 2439; baseline -0.003 -19"><span class='ocrx_word' id='word_1_154' title='bbox 314 2356 391 2420; x_wconf 91' lang='lat' dir='ltr'><strong>dato</strong></span> <span class='ocrx_word' id='word_1_155' title='bbox 424 2357 540 2420; x_wconf 91' lang='lat' dir='ltr'><strong>decimi</strong></span> <span class='ocrx_word' id='word_1_156' title='bbox 574 2358 638 2421; x_wconf 93' lang='lat' dir='ltr'><strong>diei</strong></span> <span class='ocrx_word' id='word_1_157' title='bbox 671 2358 789 2422; x_wconf 89' lang='lat' dir='ltr'><strong>mensis</strong></span> <span class='ocrx_word' id='word_1_158' title='bbox 814 2358 906 2439; x_wconf 91' lang='lat' dir='ltr'><strong>Maii,</strong></span> <span class='ocrx_word' id='word_1_159' title='bbox 933 2381 1017 2424; x_wconf 92' lang='lat' dir='ltr'><strong>anno</strong></span> <span class='ocrx_word' id='word_1_160' title='bbox 1044 2359 1212 2422; x_wconf 91' lang='lat' dir='ltr'><strong>millesimo</strong></span> <span class='ocrx_word' id='word_1_161' title='bbox 1238 2356 1496 2439; x_wconf 90' lang='lat' dir='ltr'><strong>quingentesimo</strong></span> 
     </span>
     <span class='ocr_line' id='line_1_22' title="bbox 315 2446 1496 2530; baseline 0 -22"><span class='ocrx_word' id='word_1_162' title='bbox 315 2446 440 2509; x_wconf 90' lang='lat' dir='ltr'><strong>decimo</strong></span> <span class='ocrx_word' id='word_1_163' title='bbox 463 2453 639 2526; x_wconf 73' lang='lat' dir='ltr'><strong>emanatas</strong></span> <span class='ocrx_word' id='word_1_164' title='bbox 672 2448 778 2530; x_wconf 91' lang='lat' dir='ltr'><strong>sigillo</strong></span> <span class='ocrx_word' id='word_1_165' title='bbox 805 2471 917 2513; x_wconf 93' lang='lat' dir='ltr'><strong>eorum</strong></span> <span class='ocrx_word' id='word_1_166' title='bbox 941 2450 1108 2513; x_wconf 90' lang='lat' dir='ltr'><strong>autentico</strong></span> <span class='ocrx_word' id='word_1_167' title='bbox 1131 2446 1332 2530; x_wconf 89' lang='lat' dir='ltr'><strong>impendenti</strong></span> <span class='ocrx_word' id='word_1_168' title='bbox 1356 2466 1496 2510; x_wconf 89' lang='lat' dir='ltr'><strong>commu-</strong></span> 
     </span>
     <span class='ocr_line' id='line_1_23' title="bbox 315 2536 1496 2621; baseline 0 -23"><span class='ocrx_word' id='word_1_169' title='bbox 315 2536 410 2614; x_wconf 92' lang='lat' dir='ltr'><strong>nitas,</strong></span> <span class='ocrx_word' id='word_1_170' title='bbox 443 2542 548 2600; x_wconf 91' lang='lat' dir='ltr'><strong>certos</strong></span> <span class='ocrx_word' id='word_1_171' title='bbox 572 2538 728 2603; x_wconf 89' lang='lat' dir='ltr'><strong>articulos</strong></span> <span class='ocrx_word' id='word_1_172' title='bbox 752 2545 785 2602; x_wconf 89' lang='lat' dir='ltr'><strong>et</strong></span> <span class='ocrx_word' id='word_1_173' title='bbox 809 2539 955 2621; x_wconf 90' lang='lat' dir='ltr'><strong>capitula</strong></span> <span class='ocrx_word' id='word_1_174' title='bbox 988 2538 1252 2603; x_wconf 84' lang='lat' dir='ltr'><strong>reformationem</strong></span> <span class='ocrx_word' id='word_1_175' title='bbox 1276 2543 1309 2600; x_wconf 91' lang='lat' dir='ltr'><strong>et</strong></span> <span class='ocrx_word' id='word_1_176' title='bbox 1332 2541 1496 2601; x_wconf 88' lang='lat' dir='ltr'><strong>restaura-</strong></span> 
     </span>
     <span class='ocr_line' id='line_1_24' title="bbox 313 2626 1496 2693; baseline 0 -5"><span class='ocrx_word' id='word_1_177' title='bbox 313 2626 434 2688; x_wconf 90' lang='lat' dir='ltr'><strong>tionem</strong></span> <span class='ocrx_word' id='word_1_178' title='bbox 468 2628 682 2691; x_wconf 89' lang='lat' dir='ltr'><strong>necessariam</strong></span> <span class='ocrx_word' id='word_1_179' title='bbox 714 2629 838 2692; x_wconf 88' lang='lat' dir='ltr'><strong>ordinis</strong></span> <span class='ocrx_word' id='word_1_180' title='bbox 867 2629 932 2693; x_wconf 86' lang='lat' dir='ltr'><strong>vite</strong></span> <span class='ocrx_word' id='word_1_181' title='bbox 956 2635 989 2691; x_wconf 90' lang='lat' dir='ltr'><strong>et</strong></span> <span class='ocrx_word' id='word_1_182' title='bbox 1013 2627 1265 2692; x_wconf 82' lang='lat' dir='ltr'><strong>conversationis</strong></span> <span class='ocrx_word' id='word_1_183' title='bbox 1288 2648 1401 2690; x_wconf 91' lang='lat' dir='ltr'><strong>eorum</strong></span> <span class='ocrx_word' id='word_1_184' title='bbox 1424 2631 1496 2688; x_wconf 92' lang='lat' dir='ltr'><strong>tan-</strong></span> 
     </span>
     <span class='ocr_line' id='line_1_25' title="bbox 314 2713 1497 2801; baseline 0.001 -24"><span class='ocrx_word' id='word_1_185' title='bbox 314 2720 435 2797; x_wconf 72' lang='lat' dir='ltr'><strong>gentes</strong></span> <span class='ocrx_word' id='word_1_186' title='bbox 458 2716 493 2778; x_wconf 94' lang='lat' dir='ltr'><strong>in</strong></span> <span class='ocrx_word' id='word_1_187' title='bbox 517 2737 550 2780; x_wconf 89' lang='lat' dir='ltr'><strong>se</strong></span> <span class='ocrx_word' id='word_1_188' title='bbox 573 2718 785 2799; x_wconf 91' lang='lat' dir='ltr'><strong>continentes,</strong></span> <span class='ocrx_word' id='word_1_189' title='bbox 809 2719 911 2801; x_wconf 88' lang='lat' dir='ltr'><strong>priori</strong></span> <span class='ocrx_word' id='word_1_190' title='bbox 935 2719 1114 2785; x_wconf 88' lang='lat' dir='ltr'><strong>devotionis</strong></span> <span class='ocrx_word' id='word_1_191' title='bbox 1131 2724 1164 2782; x_wconf 90' lang='lat' dir='ltr'><strong>et</strong></span> <span class='ocrx_word' id='word_1_192' title='bbox 1186 2717 1301 2781; x_wconf 88' lang='lat' dir='ltr'><strong>intime</strong></span> <span class='ocrx_word' id='word_1_193' title='bbox 1317 2713 1497 2780; x_wconf 86' lang='lat' dir='ltr'><strong>affectionis</strong></span> 
     </span>
     <span class='ocr_line' id='line_1_26' title="bbox 314 2803 1497 2893; baseline -0.001 -25"><span class='ocrx_word' id='word_1_194' title='bbox 314 2805 380 2869; x_wconf 84' lang='lat' dir='ltr'><strong>zelo</strong></span> <span class='ocrx_word' id='word_1_195' title='bbox 405 2805 569 2870; x_wconf 89' lang='lat' dir='ltr'><strong>maiestati</strong></span> <span class='ocrx_word' id='word_1_196' title='bbox 594 2813 703 2873; x_wconf 90' lang='lat' dir='ltr'><strong>nostre</strong></span> <span class='ocrx_word' id='word_1_197' title='bbox 727 2809 957 2893; x_wconf 70' lang='lat' dir='ltr'><strong>supplicantes</strong></span> <span class='ocrx_word' id='word_1_198' title='bbox 991 2815 1028 2872; x_wconf 92' lang='lat' dir='ltr'><strong>ut</strong></span> <span class='ocrx_word' id='word_1_199' title='bbox 1056 2811 1142 2893; x_wconf 91' lang='lat' dir='ltr'><strong>ipsas</strong></span> <span class='ocrx_word' id='word_1_200' title='bbox 1174 2808 1303 2871; x_wconf 90' lang='lat' dir='ltr'><strong>litteras</strong></span> <span class='ocrx_word' id='word_1_201' title='bbox 1331 2812 1364 2869; x_wconf 88' lang='lat' dir='ltr'><strong>et</strong></span> <span class='ocrx_word' id='word_1_202' title='bbox 1388 2803 1497 2868; x_wconf 91' lang='lat' dir='ltr'><strong>omnia</strong></span> 
     </span>
     <span class='ocr_line' id='line_1_27' title="bbox 314 2895 1497 2982; baseline 0 -25"><span class='ocrx_word' id='word_1_203' title='bbox 314 2896 348 2957; x_wconf 94' lang='lat' dir='ltr'><strong>in</strong></span> <span class='ocrx_word' id='word_1_204' title='bbox 372 2896 417 2960; x_wconf 92' lang='lat' dir='ltr'><strong>eis</strong></span> <span class='ocrx_word' id='word_1_205' title='bbox 440 2901 595 2960; x_wconf 90' lang='lat' dir='ltr'><strong>contenta</strong></span> <span class='ocrx_word' id='word_1_206' title='bbox 618 2903 716 2979; x_wconf 89' lang='lat' dir='ltr'><strong>ratas,</strong></span> <span class='ocrx_word' id='word_1_207' title='bbox 741 2905 853 2981; x_wconf 91' lang='lat' dir='ltr'><strong>gratas</strong></span> <span class='ocrx_word' id='word_1_208' title='bbox 876 2905 910 2964; x_wconf 91' lang='grc'><strong>01</strong></span> <span class='ocrx_word' id='word_1_209' title='bbox 932 2907 1067 2982; x_wconf 86' lang='lat' dir='ltr'><strong>accepta</strong></span> <span class='ocrx_word' id='word_1_210' title='bbox 1090 2899 1254 2977; x_wconf 89' lang='lat' dir='ltr'><strong>habentes,</strong></span> <span class='ocrx_word' id='word_1_211' title='bbox 1279 2902 1390 2960; x_wconf 90' lang='lat' dir='ltr'><strong>nostra</strong></span> <span class='ocrx_word' id='word_1_212' title='bbox 1407 2895 1497 2977; x_wconf 90' lang='lat' dir='ltr'><strong>regia</strong></span> 
     </span>
     <span class='ocr_line' id='line_1_28' title="bbox 314 2985 1497 3070; baseline 0.001 -23"><span class='ocrx_word' id='word_1_213' title='bbox 314 2985 515 3049; x_wconf 90' lang='lat' dir='ltr'><strong>authoritate</strong></span> <span class='ocrx_word' id='word_1_214' title='bbox 531 2986 717 3070; x_wconf 88' lang='lat' dir='ltr'><strong>litterisque</strong></span> <span class='ocrx_word' id='word_1_215' title='bbox 734 2991 854 3054; x_wconf 92' lang='lat' dir='ltr'><strong>nostris</strong></span> <span class='ocrx_word' id='word_1_216' title='bbox 878 2990 1032 3054; x_wconf 89' lang='lat' dir='ltr'><strong>roborare</strong></span> <span class='ocrx_word' id='word_1_217' title='bbox 1055 2995 1088 3053; x_wconf 93' lang='lat' dir='ltr'><strong>et</strong></span> <span class='ocrx_word' id='word_1_218' title='bbox 1112 2987 1313 3067; x_wconf 88' lang='lat' dir='ltr'><strong>confirmare,</strong></span> <span class='ocrx_word' id='word_1_219' title='bbox 1328 2992 1361 3051; x_wconf 92' lang='lat' dir='ltr'><strong>et</strong></span> <span class='ocrx_word' id='word_1_220' title='bbox 1380 2991 1497 3050; x_wconf 90' lang='lat' dir='ltr'><strong>notan-</strong></span> 
     </span>
     <span class='ocr_line' id='line_1_29' title="bbox 315 3075 1497 3162; baseline 0 -24"><span class='ocrx_word' id='word_1_221' title='bbox 315 3081 364 3139; x_wconf 88' lang='lat' dir='ltr'><strong>ter</strong></span> <span class='ocrx_word' id='word_1_222' title='bbox 389 3082 487 3158; x_wconf 73' lang='grc'><strong>03331</strong></span> <span class='ocrx_word' id='word_1_223' title='bbox 510 3077 591 3140; x_wconf 90' lang='grc'><strong>31103</strong></span> <span class='ocrx_word' id='word_1_224' title='bbox 623 3075 711 3160; x_wconf 70' lang='lat' dir='ltr'><strong>(epp)</strong></span> <span class='ocrx_word' id='word_1_225' title='bbox 734 3085 768 3142; x_wconf 90' lang='lat' dir='ltr'><strong>et</strong></span> <span class='ocrx_word' id='word_1_226' title='bbox 790 3080 991 3144; x_wconf 88' lang='lat' dir='ltr'><strong>sanctionem</strong></span> <span class='ocrx_word' id='word_1_227' title='bbox 1023 3080 1113 3144; x_wconf 90' lang='lat' dir='ltr'><strong>illam</strong></span> <span class='ocrx_word' id='word_1_228' title='bbox 1137 3079 1290 3162; x_wconf 89' lang='lat' dir='ltr'><strong>ipsorum,</strong></span> <span class='ocrx_word' id='word_1_229' title='bbox 1315 3076 1372 3142; x_wconf 95' lang='lat' dir='ltr'><strong>ubi</strong></span> <span class='ocrx_word' id='word_1_230' title='bbox 1395 3096 1497 3139; x_wconf 92' lang='lat' dir='ltr'><strong>emer-</strong></span> 
     </span>
     <span class='ocr_line' id='line_1_30' title="bbox 314 3165 1497 3251; baseline 0 -23"><span class='ocrx_word' id='word_1_231' title='bbox 314 3165 467 3247; x_wconf 85' lang='lat' dir='ltr'><strong>gentibus</strong></span> <span class='ocrx_word' id='word_1_232' title='bbox 490 3187 549 3248; x_wconf 91' lang='lat' dir='ltr'><strong>pro</strong></span> <span class='ocrx_word' id='word_1_233' title='bbox 573 3173 717 3250; x_wconf 92' lang='lat' dir='ltr'><strong>tempore</strong></span> <span class='ocrx_word' id='word_1_234' title='bbox 750 3169 903 3251; x_wconf 82' lang='lat' dir='ltr'><strong>legitimis</strong></span> <span class='ocrx_word' id='word_1_235' title='bbox 928 3171 1087 3234; x_wconf 89' lang='lat' dir='ltr'><strong>vacantiis</strong></span> <span class='ocrx_word' id='word_1_236' title='bbox 1119 3169 1327 3234; x_wconf 89' lang='lat' dir='ltr'><strong>ecclesiarum</strong></span> <span class='ocrx_word' id='word_1_237' title='bbox 1360 3169 1393 3229; x_wconf 89' lang='lat' dir='ltr'><strong>et</strong></span> <span class='ocrx_word' id='word_1_238' title='bbox 1425 3186 1497 3248; x_wconf 89' lang='lat' dir='ltr'><strong>pre·</strong></span> 
     </span>
     <span class='ocr_line' id='line_1_31' title="bbox 239 3256 1497 3344; baseline 0 -26"><span class='ocrx_word' id='word_1_239' title='bbox 239 3335 242 3344; x_wconf 28' lang='grc'><strong>,</strong></span> <span class='ocrx_word' id='word_1_240' title='bbox 313 3256 536 3338; x_wconf 89' lang='lat' dir='ltr'><strong>positurarum</strong></span> <span class='ocrx_word' id='word_1_241' title='bbox 570 3258 638 3321; x_wconf 92' lang='lat' dir='ltr'><strong>eius</strong></span> <span class='ocrx_word' id='word_1_242' title='bbox 671 3258 794 3322; x_wconf 91' lang='lat' dir='ltr'><strong>ordinis</strong></span> <span class='ocrx_word' id='word_1_243' title='bbox 827 3259 924 3324; x_wconf 90' lang='lat' dir='ltr'><strong>huius</strong></span> <span class='ocrx_word' id='word_1_244' title='bbox 957 3260 1058 3342; x_wconf 87' lang='lat' dir='ltr'><strong>ipsius</strong></span> <span class='ocrx_word' id='word_1_245' title='bbox 1091 3260 1193 3342; x_wconf 91' lang='lat' dir='ltr'><strong>regni,</strong></span> <span class='ocrx_word' id='word_1_246' title='bbox 1226 3257 1266 3320; x_wconf 92' lang='lat' dir='ltr'><strong>de</strong></span> <span class='ocrx_word' id='word_1_247' title='bbox 1290 3256 1446 3339; x_wconf 90' lang='lat' dir='ltr'><strong>eligendis</strong></span> <span class='ocrx_word' id='word_1_248' title='bbox 1478 3277 1497 3318; x_wconf 92' lang='lat' dir='ltr'><strong>a</strong></span> 
     </span>
     <span class='ocr_line' id='line_1_32' title="bbox 314 3345 1497 3432; baseline 0 -24"><span class='ocrx_word' id='word_1_249' title='bbox 314 3345 379 3409; x_wconf 91' lang='lat' dir='ltr'><strong>solo</strong></span> <span class='ocrx_word' id='word_1_250' title='bbox 413 3345 481 3428; x_wconf 92' lang='lat' dir='ltr'><strong>ipso</strong></span> <span class='ocrx_word' id='word_1_251' title='bbox 519 3346 632 3411; x_wconf 91' lang='lat' dir='ltr'><strong>ordine</strong></span> <span class='ocrx_word' id='word_1_252' title='bbox 670 3349 842 3431; x_wconf 88' lang='lat' dir='ltr'><strong>prepositis</strong></span> <span class='ocrx_word' id='word_1_253' title='bbox 881 3350 1001 3432; x_wconf 90' lang='lat' dir='ltr'><strong>agitur,</strong></span> <span class='ocrx_word' id='word_1_254' title='bbox 1040 3350 1214 3414; x_wconf 87' lang='lat' dir='ltr'><strong>admittere</strong></span> <span class='ocrx_word' id='word_1_255' title='bbox 1246 3353 1279 3411; x_wconf 91' lang='lat' dir='ltr'><strong>et</strong></span> <span class='ocrx_word' id='word_1_256' title='bbox 1319 3351 1497 3428; x_wconf 88' lang='lat' dir='ltr'><strong>acceptare,</strong></span> 
     </span>
     <span class='ocr_line' id='line_1_33' title="bbox 315 3435 1497 3523; baseline 0 -25"><span class='ocrx_word' id='word_1_257' title='bbox 315 3435 566 3518; x_wconf 91' lang='lat' dir='ltr'><strong>huiusmodique</strong></span> <span class='ocrx_word' id='word_1_258' title='bbox 585 3439 752 3503; x_wconf 90' lang='lat' dir='ltr'><strong>sanctione</strong></span> <span class='ocrx_word' id='word_1_259' title='bbox 768 3445 801 3504; x_wconf 92' lang='lat' dir='ltr'><strong>et</strong></span> <span class='ocrx_word' id='word_1_260' title='bbox 817 3439 1052 3504; x_wconf 91' lang='lat' dir='ltr'><strong>constitutione</strong></span> <span class='ocrx_word' id='word_1_261' title='bbox 1068 3440 1146 3523; x_wconf 91' lang='lat' dir='ltr'><strong>ipsis</strong></span> <span class='ocrx_word' id='word_1_262' title='bbox 1162 3438 1324 3502; x_wconf 87' lang='lat' dir='ltr'><strong>fratribus</strong></span> <span class='ocrx_word' id='word_1_263' title='bbox 1341 3443 1374 3500; x_wconf 90' lang='lat' dir='ltr'><strong>et</strong></span> <span class='ocrx_word' id='word_1_264' title='bbox 1390 3436 1497 3499; x_wconf 88' lang='lat' dir='ltr'><strong>ordini</strong></span> 
     </span>
     <span class='ocr_line' id='line_1_34' title="bbox 315 3525 1497 3611; baseline -0.002 -21"><span class='ocrx_word' id='word_1_265' title='bbox 315 3531 473 3609; x_wconf 89' lang='lat' dir='ltr'><strong>perpetuo</strong></span> <span class='ocrx_word' id='word_1_266' title='bbox 498 3527 656 3591; x_wconf 92' lang='lat' dir='ltr'><strong>utendum</strong></span> <span class='ocrx_word' id='word_1_267' title='bbox 681 3535 713 3594; x_wconf 90' lang='lat' dir='ltr'><strong>et</strong></span> <span class='ocrx_word' id='word_1_268' title='bbox 736 3530 899 3611; x_wconf 87' lang='lat' dir='ltr'><strong>agendum</strong></span> <span class='ocrx_word' id='word_1_269' title='bbox 923 3551 1066 3595; x_wconf 91' lang='lat' dir='ltr'><strong>annuere</strong></span> <span class='ocrx_word' id='word_1_270' title='bbox 1095 3530 1312 3611; x_wconf 90' lang='lat' dir='ltr'><strong>dignaremur.</strong></span> <span class='ocrx_word' id='word_1_271' title='bbox 1345 3525 1413 3590; x_wconf 88' lang='lat' dir='ltr'><strong>Nos</strong></span> <span class='ocrx_word' id='word_1_272' title='bbox 1437 3526 1497 3608; x_wconf 87' lang='lat' dir='ltr'><strong>igi-</strong></span> 
     </span>
     <span class='ocr_line' id='line_1_35' title="bbox 315 3615 1497 3701; baseline 0.002 -23"><span class='ocrx_word' id='word_1_273' title='bbox 315 3622 379 3696; x_wconf 91' lang='lat' dir='ltr'><strong>tur,</strong></span> <span class='ocrx_word' id='word_1_274' title='bbox 404 3615 461 3697; x_wconf 92' lang='lat' dir='ltr'><strong>qui</strong></span> <span class='ocrx_word' id='word_1_275' title='bbox 485 3621 597 3680; x_wconf 92' lang='lat' dir='ltr'><strong>nostra</strong></span> <span class='ocrx_word' id='word_1_276' title='bbox 621 3617 681 3682; x_wconf 88' lang='lat' dir='ltr'><strong>hac</strong></span> <span class='ocrx_word' id='word_1_277' title='bbox 705 3625 793 3682; x_wconf 92' lang='lat' dir='ltr'><strong>etate</strong></span> <span class='ocrx_word' id='word_1_278' title='bbox 818 3624 850 3682; x_wconf 94' lang='lat' dir='ltr'><strong>et</strong></span> <span class='ocrx_word' id='word_1_279' title='bbox 869 3621 937 3684; x_wconf 86' lang='lat' dir='ltr'><strong>vita</strong></span> <span class='ocrx_word' id='word_1_280' title='bbox 960 3621 1053 3684; x_wconf 90' lang='lat' dir='ltr'><strong>nobis</strong></span> <span class='ocrx_word' id='word_1_281' title='bbox 1079 3643 1098 3683; x_wconf 92' lang='grc'><strong>3</strong></span> <span class='ocrx_word' id='word_1_282' title='bbox 1117 3620 1187 3683; x_wconf 91' lang='lat' dir='ltr'><strong>Deo</strong></span> <span class='ocrx_word' id='word_1_283' title='bbox 1210 3619 1333 3701; x_wconf 91' lang='lat' dir='ltr'><strong>optimo</strong></span> <span class='ocrx_word' id='word_1_284' title='bbox 1357 3617 1497 3680; x_wconf 89' lang='lat' dir='ltr'><strong>maximo</strong></span> 
     </span>
     <span class='ocr_line' id='line_1_36' title="bbox 314 3707 1497 3792; baseline 0.001 -24"><span class='ocrx_word' id='word_1_285' title='bbox 314 3707 348 3769; x_wconf 92' lang='lat' dir='ltr'><strong>in</strong></span> <span class='ocrx_word' id='word_1_286' title='bbox 372 3727 446 3769; x_wconf 90' lang='lat' dir='ltr'><strong>eum</strong></span> <span class='ocrx_word' id='word_1_287' title='bbox 471 3712 508 3769; x_wconf 92' lang='lat' dir='ltr'><strong>ut</strong></span> <span class='ocrx_word' id='word_1_288' title='bbox 532 3707 755 3772; x_wconf 91' lang='lat' dir='ltr'><strong>existimamus</strong></span> <span class='ocrx_word' id='word_1_289' title='bbox 778 3710 983 3792; x_wconf 91' lang='lat' dir='ltr'><strong>potissimum</strong></span> <span class='ocrx_word' id='word_1_290' title='bbox 1007 3709 1103 3774; x_wconf 88' lang='lat' dir='ltr'><strong>finem</strong></span> <span class='ocrx_word' id='word_1_291' title='bbox 1128 3709 1206 3772; x_wconf 88' lang='grc'><strong>(1313</strong></span> <span class='ocrx_word' id='word_1_292' title='bbox 1230 3713 1263 3771; x_wconf 90' lang='grc'><strong>01</strong></span> <span class='ocrx_word' id='word_1_293' title='bbox 1286 3713 1497 3786; x_wconf 74' lang='lat' dir='ltr'><strong>concessant</strong></span> 
     </span>
     <span class='ocr_line' id='line_1_37' title="bbox 314 3795 1498 3883; baseline 0.002 -26"><span class='ocrx_word' id='word_1_294' title='bbox 314 3795 375 3858; x_wconf 83' lang='grc'><strong>331)</strong></span> <span class='ocrx_word' id='word_1_295' title='bbox 400 3795 524 3859; x_wconf 88' lang='lat' dir='ltr'><strong>ditione</strong></span> <span class='ocrx_word' id='word_1_296' title='bbox 556 3804 668 3861; x_wconf 88' lang='lat' dir='ltr'><strong>nostra</strong></span> <span class='ocrx_word' id='word_1_297' title='bbox 701 3820 846 3881; x_wconf 91' lang='lat' dir='ltr'><strong>quasque</strong></span> <span class='ocrx_word' id='word_1_298' title='bbox 878 3800 1092 3883; x_wconf 86' lang='lat' dir='ltr'><strong>professiones</strong></span> <span class='ocrx_word' id='word_1_299' title='bbox 1116 3799 1268 3864; x_wconf 93' lang='lat' dir='ltr'><strong>ordinum</strong></span> <span class='ocrx_word' id='word_1_300' title='bbox 1290 3798 1324 3861; x_wconf 94' lang='lat' dir='ltr'><strong>in</strong></span> <span class='ocrx_word' id='word_1_301' title='bbox 1349 3797 1441 3861; x_wconf 91' lang='lat' dir='ltr'><strong>cultu</strong></span> <span class='ocrx_word' id='word_1_302' title='bbox 1465 3802 1498 3859; x_wconf 92' lang='lat' dir='ltr'><strong>et</strong></span> 
     </span>
     <span class='ocr_line' id='line_1_38' title="bbox 249 3885 1497 3972; baseline 0.002 -25"><span class='ocrx_word' id='word_1_303' title='bbox 249 3918 252 3922; x_wconf 92' lang='lat'>·</span> <span class='ocrx_word' id='word_1_304' title='bbox 313 3885 441 3949; x_wconf 87' lang='lat' dir='ltr'><strong>fervore</strong></span> <span class='ocrx_word' id='word_1_305' title='bbox 474 3885 582 3950; x_wconf 85' lang='lat' dir='ltr'><strong>divino</strong></span> <span class='ocrx_word' id='word_1_306' title='bbox 615 3888 852 3972; x_wconf 91' lang='lat' dir='ltr'><strong>aliquantisper</strong></span> <span class='ocrx_word' id='word_1_307' title='bbox 885 3896 1031 3972; x_wconf 91' lang='lat' dir='ltr'><strong>tepentes</strong></span> <span class='ocrx_word' id='word_1_308' title='bbox 1064 3890 1098 3953; x_wconf 94' lang='lat' dir='ltr'><strong>in</strong></span> <span class='ocrx_word' id='word_1_309' title='bbox 1121 3890 1245 3967; x_wconf 87' lang='lat' dir='ltr'><strong>melius,</strong></span> <span class='ocrx_word' id='word_1_310' title='bbox 1269 3893 1381 3952; x_wconf 88' lang='lat' dir='ltr'><strong>nostra</strong></span> <span class='ocrx_word' id='word_1_311' title='bbox 1404 3888 1438 3950; x_wconf 92' lang='grc'><strong>13</strong></span> <span class='ocrx_word' id='word_1_312' title='bbox 1462 3908 1497 3951; x_wconf 89' lang='grc'><strong>00</strong></span> 
     </span>
     <span class='ocr_line' id='line_1_39' title="bbox 314 3975 1498 4061; baseline 0.003 -24"><span class='ocrx_word' id='word_1_313' title='bbox 314 3975 535 4057; x_wconf 86' lang='lat' dir='ltr'><strong>singulariae</strong></span> <span class='ocrx_word' id='word_1_314' title='bbox 559 3977 697 4042; x_wconf 90' lang='lat' dir='ltr'><strong>salutari</strong></span> <span class='ocrx_word' id='word_1_315' title='bbox 730 4000 830 4060; x_wconf 89' lang='lat' dir='ltr'><strong>opera</strong></span> <span class='ocrx_word' id='word_1_316' title='bbox 853 3986 886 4044; x_wconf 89' lang='grc'><strong>01</strong></span> <span class='ocrx_word' id='word_1_317' title='bbox 910 3981 1020 4044; x_wconf 91' lang='lat' dir='ltr'><strong>studio</strong></span> <span class='ocrx_word' id='word_1_318' title='bbox 1053 3980 1210 4059; x_wconf 91' lang='lat' dir='ltr'><strong>adhibito,</strong></span> <span class='ocrx_word' id='word_1_319' title='bbox 1244 3984 1404 4061; x_wconf 89' lang='lat' dir='ltr'><strong>quantum</strong></span> <span class='ocrx_word' id='word_1_320' title='bbox 1426 3998 1498 4059; x_wconf 91' lang='lat' dir='ltr'><strong>pos-</strong></span> 
     </span>
     <span class='ocr_line' id='line_1_40' title="bbox 316 4065 1497 4150; baseline 0.003 -23"><span class='ocrx_word' id='word_1_321' title='bbox 316 4085 434 4144; x_wconf 92' lang='lat' dir='ltr'><strong>sumus,</strong></span> <span class='ocrx_word' id='word_1_322' title='bbox 459 4066 678 4148; x_wconf 82' lang='lat' dir='ltr'><strong>reformemus,</strong></span> <span class='ocrx_word' id='word_1_323' title='bbox 704 4068 889 4134; x_wconf 88' lang='lat' dir='ltr'><strong>huiusmodi</strong></span> <span class='ocrx_word' id='word_1_324' title='bbox 922 4070 1048 4134; x_wconf 92' lang='lat' dir='ltr'><strong>cultum</strong></span> <span class='ocrx_word' id='word_1_325' title='bbox 1081 4070 1227 4134; x_wconf 91' lang='lat' dir='ltr'><strong>divinum</strong></span> <span class='ocrx_word' id='word_1_326' title='bbox 1256 4065 1497 4150; x_wconf 90' lang='lat' dir='ltr'><strong>adamplificare</strong></span> 
     </span>
     <span class='ocr_line' id='line_1_41' title="bbox 314 4155 1498 4239; baseline 0.003 -22"><span class='ocrx_word' id='word_1_327' title='bbox 314 4155 348 4217; x_wconf 93' lang='lat' dir='ltr'><strong>in</strong></span> <span class='ocrx_word' id='word_1_328' title='bbox 381 4156 490 4236; x_wconf 91' lang='lat' dir='ltr'><strong>regnis</strong></span> <span class='ocrx_word' id='word_1_329' title='bbox 523 4178 560 4220; x_wconf 90' lang='lat' dir='ltr'><strong>ac</strong></span> <span class='ocrx_word' id='word_1_330' title='bbox 593 4157 744 4222; x_wconf 90' lang='lat' dir='ltr'><strong>dominiis</strong></span> <span class='ocrx_word' id='word_1_331' title='bbox 778 4161 897 4224; x_wconf 92' lang='lat' dir='ltr'><strong>nostris</strong></span> <span class='ocrx_word' id='word_1_332' title='bbox 930 4161 963 4223; x_wconf 91' lang='lat' dir='ltr'><strong>in</strong></span> <span class='ocrx_word' id='word_1_333' title='bbox 996 4159 1127 4224; x_wconf 90' lang='lat' dir='ltr'><strong>laudem</strong></span> <span class='ocrx_word' id='word_1_334' title='bbox 1158 4160 1221 4224; x_wconf 91' lang='lat' dir='ltr'><strong>Dei</strong></span> <span class='ocrx_word' id='word_1_335' title='bbox 1246 4165 1279 4222; x_wconf 91' lang='lat' dir='ltr'><strong>et</strong></span> <span class='ocrx_word' id='word_1_336' title='bbox 1303 4159 1372 4222; x_wconf 92' lang='lat' dir='ltr'><strong>eius</strong></span> <span class='ocrx_word' id='word_1_337' title='bbox 1394 4157 1498 4239; x_wconf 91' lang='lat' dir='ltr'><strong>plebis</strong></span> 
     </span>
     <span class='ocr_line' id='line_1_42' title="bbox 315 4244 1498 4332; baseline 0.001 -25"><span class='ocrx_word' id='word_1_338' title='bbox 315 4244 493 4308; x_wconf 89' lang='lat' dir='ltr'><strong>christiane</strong></span> <span class='ocrx_word' id='word_1_339' title='bbox 522 4247 666 4312; x_wconf 90' lang='lat' dir='ltr'><strong>salutare</strong></span> <span class='ocrx_word' id='word_1_340' title='bbox 699 4250 881 4331; x_wconf 84' lang='lat' dir='ltr'><strong>exemplum</strong></span> <span class='ocrx_word' id='word_1_341' title='bbox 905 4250 1060 4330; x_wconf 87' lang='lat' dir='ltr'><strong>volumus,</strong></span> <span class='ocrx_word' id='word_1_342' title='bbox 1089 4269 1277 4332; x_wconf 90' lang='lat' dir='ltr'><strong>summoque</strong></span> <span class='ocrx_word' id='word_1_343' title='bbox 1301 4248 1367 4311; x_wconf 88' lang='lat' dir='ltr'><strong>zelo</strong></span> <span class='ocrx_word' id='word_1_344' title='bbox 1391 4248 1498 4310; x_wconf 89' lang='lat' dir='ltr'><strong>inten-</strong></span> 
     </span>
     <span class='ocr_line' id='line_1_43' title="bbox 316 4335 1498 4422; baseline 0.002 -24"><span class='ocrx_word' id='word_1_345' title='bbox 316 4335 391 4398; x_wconf 91' lang='lat' dir='ltr'><strong>dere</strong></span> <span class='ocrx_word' id='word_1_346' title='bbox 415 4336 580 4418; x_wconf 80' lang='lat' dir='ltr'><strong>cupimus3</strong></span> <span class='ocrx_word' id='word_1_347' title='bbox 615 4338 757 4401; x_wconf 90' lang='lat' dir='ltr'><strong>volentes</strong></span> <span class='ocrx_word' id='word_1_348' title='bbox 790 4341 1000 4422; x_wconf 91' lang='lat' dir='ltr'><strong>amplitudini</strong></span> <span class='ocrx_word' id='word_1_349' title='bbox 1029 4341 1125 4404; x_wconf 91' lang='lat' dir='ltr'><strong>simul</strong></span> <span class='ocrx_word' id='word_1_350' title='bbox 1149 4346 1182 4404; x_wconf 92' lang='lat' dir='ltr'><strong>et</strong></span> <span class='ocrx_word' id='word_1_351' title='bbox 1205 4342 1403 4404; x_wconf 85' lang='lat' dir='ltr'><strong>incremento</strong></span> <span class='ocrx_word' id='word_1_352' title='bbox 1429 4335 1498 4400; x_wconf 89' lang='lat' dir='ltr'><strong>Deo</strong></span> 
     </span>
     <span class='ocr_line' id='line_1_44' title="bbox 314 4425 1498 4513; baseline 0.003 -26"><span class='ocrx_word' id='word_1_353' title='bbox 314 4425 546 4489; x_wconf 90' lang='lat' dir='ltr'><strong>famulantium</strong></span> <span class='ocrx_word' id='word_1_354' title='bbox 579 4448 642 4490; x_wconf 92' lang='lat' dir='ltr'><strong>non</strong></span> <span class='ocrx_word' id='word_1_355' title='bbox 675 4429 778 4491; x_wconf 91' lang='lat' dir='ltr'><strong>solum</strong></span> <span class='ocrx_word' id='word_1_356' title='bbox 812 4430 928 4510; x_wconf 85' lang='lat' dir='ltr'><strong>favere,</strong></span> <span class='ocrx_word' id='word_1_357' title='bbox 954 4431 1010 4494; x_wconf 91' lang='lat' dir='ltr'><strong>sed</strong></span> <span class='ocrx_word' id='word_1_358' title='bbox 1033 4452 1092 4513; x_wconf 94' lang='lat' dir='ltr'><strong>pro</strong></span> <span class='ocrx_word' id='word_1_359' title='bbox 1116 4439 1228 4494; x_wconf 91' lang='lat' dir='ltr'><strong>nostra</strong></span> <span class='ocrx_word' id='word_1_360' title='bbox 1251 4430 1283 4491; x_wconf 89' lang='lat' dir='ltr'><strong>in</strong></span> <span class='ocrx_word' id='word_1_361' title='bbox 1310 4427 1498 4509; x_wconf 89' lang='lat' dir='ltr'><strong>religionem</strong></span> 
     </span>
     <span class='ocr_line' id='line_1_45' title="bbox 316 4517 1498 4601; baseline 0.002 -24"><span class='ocrx_word' id='word_1_362' title='bbox 316 4520 460 4578; x_wconf 90' lang='lat' dir='ltr'><strong>nostram</strong></span> <span class='ocrx_word' id='word_1_363' title='bbox 484 4522 630 4580; x_wconf 89' lang='lat' dir='ltr'><strong>sanctam</strong></span> <span class='ocrx_word' id='word_1_364' title='bbox 654 4539 780 4583; x_wconf 88' lang='lat' dir='ltr'><strong>summa</strong></span> <span class='ocrx_word' id='word_1_365' title='bbox 804 4525 837 4582; x_wconf 91' lang='lat' dir='ltr'><strong>et</strong></span> <span class='ocrx_word' id='word_1_366' title='bbox 860 4521 1018 4601; x_wconf 87' lang='lat' dir='ltr'><strong>singulari</strong></span> <span class='ocrx_word' id='word_1_367' title='bbox 1043 4521 1211 4584; x_wconf 90' lang='lat' dir='ltr'><strong>devotione</strong></span> <span class='ocrx_word' id='word_1_368' title='bbox 1236 4540 1287 4582; x_wconf 90' lang='lat' dir='ltr'><strong>eos</strong></span> <span class='ocrx_word' id='word_1_369' title='bbox 1312 4519 1344 4582; x_wconf 91' lang='lat' dir='ltr'><strong>in</strong></span> <span class='ocrx_word' id='word_1_370' title='bbox 1370 4517 1498 4598; x_wconf 88' lang='lat' dir='ltr'><strong>largitis</strong></span> 
     </span>
     <span class='ocr_line' id='line_1_46' title="bbox 315 4607 1497 4693; baseline 0.004 -26"><span class='ocrx_word' id='word_1_371' title='bbox 315 4611 348 4668; x_wconf 92' lang='lat' dir='ltr'><strong>et</strong></span> <span class='ocrx_word' id='word_1_372' title='bbox 372 4607 529 4670; x_wconf 88' lang='lat' dir='ltr'><strong>concessis</strong></span> <span class='ocrx_word' id='word_1_373' title='bbox 562 4608 661 4670; x_wconf 89' lang='lat' dir='ltr'><strong>etiam</strong></span> <span class='ocrx_word' id='word_1_374' title='bbox 695 4629 892 4690; x_wconf 86' lang='lat' dir='ltr'><strong>conservare,</strong></span> <span class='ocrx_word' id='word_1_375' title='bbox 926 4617 1059 4693; x_wconf 91' lang='lat' dir='ltr'><strong>accepta</strong></span> <span class='ocrx_word' id='word_1_376' title='bbox 1083 4617 1116 4674; x_wconf 91' lang='lat' dir='ltr'><strong>et</strong></span> <span class='ocrx_word' id='word_1_377' title='bbox 1140 4610 1281 4675; x_wconf 86' lang='lat' dir='ltr'><strong>admissa</strong></span> <span class='ocrx_word' id='word_1_378' title='bbox 1314 4609 1497 4691; x_wconf 90' lang='lat' dir='ltr'><strong>supplican-</strong></span> 
     </span>
    </p>
   </div>
   <div class='ocr_carea' id='block_1_3' title="bbox 0 0 1737 5492">
    <p class='ocr_par' dir='ltr' id='par_1_3' title="bbox 0 0 1737 5492">
     <span class='ocr_line' id='line_1_47' title="bbox 0 0 1737 5492; baseline 0 0"><span class='ocrx_word' id='word_1_379' title='bbox 0 0 1737 5492; x_wconf 95' lang='lat' dir='ltr'><strong> </strong></span> 
     </span>
    </p>
   </div>
  </div>
 </body>
</html>
