3458 5492
319 457 382 518 176
530 465 534 474 “
814 466 1002 518 oxnnvturln

318 658 413 716 conte
446 652 596 718 Zuocone
628 653 660 716 al
688 653 863 718 vescovado
896 654 1107 732 Rossonense,
1131 653 1184 716 nel
1210 653 1268 716 ohe
1301 653 1381 718 hora
1404 656 1435 718 io
1460 654 1501 717 do

318 762 425 823 opera,
449 742 508 806 che
531 743 559 808 si
581 764 748 826 proponga
771 742 803 806 al
826 744 930 824 primo
954 743 1151 808 consistorio.

426 832 531 896 Roma
554 833 577 896 li
603 837 621 895 3
646 833 765 914 Luglio
792 836 886 895 1627.
912 831 956 895 Di
980 839 1089 896 vostra
1113 835 1236 897 maesta
1262 853 1412 896 caesarea

760 922 974 986 humilissimo
998 944 1015 985 e
1038 921 1274 1003 obligatissimo
1299 923 1455 986 servitore

981 1012 1081 1076 Paulo
1106 1009 1240 1075 Savello

427 1165 623 1233 (Ho'tlapjdat
640 1175 664 1219 3.
678 1168 749 1221 Julii
766 1177 841 1221 1627.
856 1168 987 1236 Princeps
1001 1169 1103 1221 savelli
1124 1169 1232 1236 accepit
1251 1169 1347 1221 literas
1361 1185 1502 1222 caesareas

319 1237 428 1291 ratione
450 1238 661 1306 episcopatuum
679 1240 709 1291 in
728 1240 881 1308 Hungaria.
910 1245 982 1293 Item
1001 1241 1109 1292 ratione
1137 1240 1312 1308 episcopatus
1326 1258 1376 1307 pro
1400 1240 1501 1292 comite

319 1315 443 1362 Zuocone
462 1314 491 1362 et
509 1311 618 1362 ratione
637 1311 755 1364 oratoris
775 1312 853 1364 ducis
876 1310 1050 1367 sabaudiael

427 1451 579 1517 (Er-edetije
598 1469 614 1504 a
634 1453 707 1506 becsi
729 1469 763 1504 cs.
785 1453 812 1504 es
831 1457 857 1504 k.
878 1454 978 1506 udvari
997 1455 1179 1508 leve'ltarban.
1200 1457 1344 1516 Romana.)

807 1759 1019 1824 ΟΧΧΧΙΠ.

759 1924 853 1983 rosv.
877 1921 976 2002 julius
1002 1925 1052 1984 25.

321 2080 393 2146 III.
417 2079 619 2145 Fordiarind
652 2080 763 2163 lircily
796 2083 972 2164 Priamum]
1005 2084 1116 2147 Pe‘tert
1140 2106 1160 2149 a
1184 2103 1322 2166 mappas·
1351 2082 1504 2164 lircilyolc

426 2168 560 2250 apostoli
585 2170 683 2234 czime
708 2172 853 2253 iippe'bca
878 2174 1166 2254 ue'lcnue‘ayuclusru
1189 2171 1319 2254 seolessljc
1342 2172 1396 2252 fel.

430 2331 662 2398 Fordinandus
687 2335 805 2398 tertius
824 2333 887 2398 Dei
904 2335 1011 2416 gratia
1028 2334 1222 2417 Hungariae
1240 2340 1298 2398 etc.
1316 2356 1381 2414 rex,
1398 2333 1504 2396 archi-

323 2422 389 2486 dux
414 2419 583 2502 Austriae,
609 2423 675 2486 dux
699 2423 922 2505 Burgundiae.

430 2512 710 2578 Reverendissime
742 2514 775 2576 in
810 2513 941 2578 Christo
974 2520 1077 2598 pater,
1109 2514 1223 2578 devote
1256 2511 1348 2576 nobis
1381 2513 1505 2576 sincere

323 2601 449 2666 dilecte.
482 2599 694 2666 Meminimus
727 2603 875 2684 benigne,
909 2611 1070 2687 quatenus
1104 2624 1248 2667 summus
1272 2601 1417 2684 pontifex
1442 2599 1504 2665 Sil-

323 2697 428 2755 vester
452 2690 612 2754 secundus
636 2689 667 2756 S.
688 2690 855 2774 Stephano
878 2695 970 2774 regni
995 2693 1189 2776 Hungariae
1208 2691 1277 2774 regi
1295 2691 1504 2774 pientissimo,

323 2802 387 2844 non
410 2780 515 2844 solum
540 2801 676 2862 crucem,
700 2803 757 2846 seu
780 2785 981 2865 apostolatus
1014 2784 1141 2865 insigne
1173 2781 1331 2846 anteferri
1364 2781 1505 2861 iusserit,

322 2891 434 2933 verum
458 2869 558 2932 etiarn
582 2869 706 2935 Christi
738 2871 921 2954 apostolum
945 2893 1059 2937 vocare
1083 2893 1146 2936 non
1180 2871 1383 2936 dubitaverit
1407 2877 1439 2934 et
1462 2871 1504 2934 ob

323 2959 419 3022 huius
439 2958 502 3022 viri
525 2961 782 3040 sanctimoniam,
807 2962 907 3026 etiam
930 2963 1009 3026 alios
1033 2984 1107 3026 suos
1124 2963 1157 3025 in
1175 2982 1274 3044 regno
1298 2981 1503 3040 successores,

322 3048 433 3112 eodem
460 3048 632 3130 dignitatis
659 3051 757 3115 titulo
780 3053 937 3115 continua
960 3052 1070 3134 aliqua
1094 3051 1176 3115 serie
1209 3051 1380 3132 insignitos
1413 3070 1505 3130 reges

324 3138 516 3220 apostolicos
541 3139 725 3204 nominatos
751 3141 858 3205 fuisse.

429 3225 555 3292 Verum
588 3250 662 3292 oum
694 3251 750 3294 nos
783 3231 949 3294 videamus
982 3237 1015 3295 et
1048 3230 1262 3314 experiamur,
1296 3230 1383 3313 quod
1416 3229 1506 3294 diota

323 3317 416 3381 seriei
451 3319 654 3382 continuatio
687 3321 835 3383 nonnihil
866 3321 1061 3385 labefactari
1094 3327 1127 3383 et
1159 3321 1193 3382 in
1226 3319 1389 3383 nonnullis
1412 3320 1505 3401 regni

323 3405 517 3488 Hungariae
550 3409 682 3489 regibus
714 3431 787 3472 cum
812 3411 972 3474 oblivione
996 3410 1249 3491 praeteritorum
1273 3429 1396 3473 cessare
1419 3409 1506 3487 velit,

324 3497 416 3561 nobis
440 3503 550 3559 autem
575 3497 614 3560 de
645 3501 888 3563 conservatione
920 3507 953 3563 et
986 3499 1171 3563 defensione
1194 3499 1506 3581 praerogativarum,

323 3606 381 3667 per
404 3585 561 3649 virtutem
583 3588 868 3668 praedecessorum
892 3595 1076 3652 nostrorum
1098 3610 1161 3652 non
1186 3589 1292 3653 minus
1317 3590 1377 3670 pie,
1407 3609 1506 3670 quam

322 3675 483 3739 laboriose
515 3696 615 3757 regno
639 3686 910 3759 comparatorum,
935 3700 998 3742 non
1022 3679 1185 3742 immerito
1209 3679 1420 3759 cogitandum
1444 3678 1505 3756 sit;

323 3764 439 3828 iccirco
456 3786 476 3827 a
488 3765 585 3844 vobis,
612 3772 770 3848 tanquam
794 3769 965 3832 memorati
989 3769 1081 3850 regni
1098 3769 1246 3850 primate,
1263 3768 1351 3832 hisce
1368 3768 1506 3832 clemen·

324 3860 374 3936 ter
393 3855 650 3936 perquirendum
683 3855 843 3936 duximus,
877 3864 990 3920 utrum
1013 3864 1231 3922 antecessores
1246 3878 1357 3938 reges,
1392 3857 1506 3939 quiet

324 3943 535 4026 quoadusque
566 3945 620 4008 illo
652 3946 749 4010 titulo
772 3968 831 4028 per
856 3969 1040 4028 expressam
1065 3947 1296 4011 auctoritatem
1331 3946 1507 4010 concessio·

323 4053 398 4096 nem
422 4039 454 4096 et
479 4033 757 4100 confirmationem
782 4037 866 4101 sedis
890 4037 1093 4119 apostolicae,
1128 4038 1176 4100 vel
1200 4036 1426 4100 tantummodo
1448 4057 1508 4118 per

324 4122 562 4204 supralibatam
591 4125 867 4190 introductionem
891 4127 949 4206 usi,
974 4134 1007 4190 et
1030 4148 1122 4209 reges
1155 4127 1323 4209 apostolici
1347 4126 1507 4190 nominati

324 4211 448 4276 fuerint
481 4219 514 4277 et
546 4234 589 4276 an
621 4214 704 4278 illud
735 4216 841 4296 ipsum
866 4217 925 4280 hoc
950 4223 1093 4299 tempore
1117 4217 1189 4280 iure
1213 4215 1372 4280 affirmari
1395 4215 1507 4298 possit.

324 4298 420 4382 Quod
453 4303 503 4365 uti
535 4302 569 4366 in
603 4304 723 4368 bonum
757 4312 789 4369 et
818 4307 1007 4387 ampliorem
1032 4305 1304 4370 existimationem
1329 4304 1507 4388 saepedicti

323 4391 416 4472 regni
440 4392 535 4470 cedit,
559 4393 607 4456 ita
631 4395 790 4476 copiosam
812 4395 1074 4460 informationem
1104 4402 1243 4460 vestram
1268 4395 1507 4473 desideramus;

325 4501 443 4561 vosque
459 4481 498 4544 de
514 4482 639 4565 reliquo
656 4485 861 4566 benignitate
877 4491 988 4549 nostra
1005 4486 1095 4568 regia
1106 4491 1138 4549 et
1154 4484 1247 4548 firmo
1263 4484 1508 4548 benevolentiae

324 4568 443 4634 affectu
461 4573 714 4654 complectimur.
726 4574 852 4638 Datum
862 4574 1020 4645 Viennae,
1031 4575 1185 4658 vigesima
1194 4573 1311 4655 quinta
1322 4573 1374 4638 die
1390 4574 1509 4638 mensis
