3454 5492
468 489 486 526 A
511 486 631 526 uanius
656 487 714 527 nin.
739 488 868 527 unorum
891 487 942 527 Jou
967 474 1194 529 bituricensium.
1380 469 1419 528 77

233 662 537 743 sacrosanctamque
569 663 667 727 istam
699 661 808 727 sedem
840 661 1048 745 apostolicam
1077 683 1203 745 semper
1227 662 1283 744 lui,
1309 663 1420 728 liuius-

234 745 320 809 modi
353 769 458 814 meam
491 751 691 832 eleccionem,
724 751 989 833 nominaoionem‚
1019 751 1268 818 translacionem
1292 759 1325 816 et
1349 775 1420 836 pre-

234 838 464 922 sentacionem‚
496 849 647 907 consueta
671 863 729 906 sua
754 841 959 924 benignitate
990 842 1216 925 paternalique
1245 843 1420 908 clemencia

233 925 418 1010 admittere,
450 937 558 996 ratam
591 932 720 1012 habere,
753 952 891 1014 eumque
915 932 950 996 in
973 933 1101 1015 prefato
1133 933 1321 1017 episcopatu
1346 933 1421 998 Nit-

234 1015 349 1081 triensi
382 1019 521 1086 salutari
553 1044 612 1087 sua
645 1021 875 1088 benediccione
907 1020 1098 1087 confirmare
1130 1022 1287 1088 sanctitas
1312 1029 1420 1087 vestra

234 1104 396 1188 dignetur.
431 1107 537 1192 Quam
570 1111 661 1178 Deus
692 1113 766 1196 pius
797 1133 856 1196 pro
887 1111 963 1176 fidei
987 1119 1162 1197 augmento
1186 1119 1219 1177 et
1243 1118 1333 1178 statu
1356 1113 1420 1177 rei-

233 1196 362 1351 publisse
386 1199 564 1267 christiane
587 1203 645 1268 diu
669 1222 780 1267 sanam
804 1207 837 1266 et
860 1203 1054 1268 incolumem
1085 1223 1275 1270 conservare
1308 1203 1420 1286 digne-

234 1291 297 1351 tur.
356 1295 457 1355 atum.

285 1521 304 1570 fi
340 1447 383 1570 Ad
409 1446 470 1500 iret
497 1447 578 1502 ete'a:
606 1449 651 1502 Ad
679 1449 840 1517 pontificem
869 1454 901 1503 ut
925 1451 1109 1505 reverendum
1127 1454 1147 1503 t.
1168 1450 1197 1504 in
1216 1449 1378 1520 episcopatu
1397 1454 1419 1504 t.

233 1532 284 1569 con
305 1534 385 1571 rme.

340 1661 447 1724 (Kassai
466 1663 637 1729 Formulare,
657 1662 677 1718 f.
697 1668 753 1727 96.)

790 1938 865 2002 LX.

780 2106 889 2194 1505.Ι

232 2259 281 2324 II.
312 2258 442 2324 Uldsalo
464 2259 575 2342 barely
600 2259 775 2326 Sactmdri
799 2263 933 2346 Gpdrpy
957 2261 1076 2327 edredi
1100 2261 1263 2344 pitspo‘to'l
1286 2283 1306 2326 o
1327 2262 1417 2342 po'osi

616 2352 836 2437 pdspo'tse'qre
855 2352 1023 2436 ethelgeri.

338 2510 406 2576 Nos
429 2517 489 2576 etc.
526 2511 682 2577 Memoris
706 2516 969 2580 commendamus
992 2520 1051 2578 etc.
1080 2510 1176 2596 Quod
1200 2534 1266 2593 nos,
1289 2513 1416 2577 inducti

232 2600 357 2665 meritis
381 2623 419 2667 ac
442 2602 598 2685 preclaris
622 2603 803 2670 virtutibus
830 2604 934 2670 fidelis
968 2603 1070 2668 nostri
1104 2603 1215 2668 dilecti
1248 2603 1416 2668 reverendi

230 2691 264 2754 in
288 2689 420 2756 Christo
443 2693 548 2776 patris
573 2693 695 2758 domini
728 2695 849 2760 domini
882 2690 934 2778 tl)
961 2693 1079 2778 quibus
1102 2693 1209 2776 ipsum
1234 2714 1298 2758 non
1321 2694 1416 2759 modo

230 2783 404 2864 peregrina
437 2783 726 2866 commendemens,
760 2806 871 2850 verum
903 2785 1034 2868 propria
1067 2791 1180 2848 nostra
1211 2784 1415 2867 experiencia

230 2871 436 2956 plurimoque
455 2894 565 2938 rerum
589 2896 651 2938 usu
675 2876 890 2958 cognovimus,
914 2875 1127 2954 illustratum,
1151 2872 1289 2937 eundem
1312 2875 1416 2956 igitur

231 2967 389 3044 tanquam
399 2963 506 3028 virum
522 2965 699 3046 probatum
714 2969 747 3028 et
763 2966 1001 3030 benemeritum
1017 2964 1057 3028 de
1072 2964 1143 3046 ipsa
1160 2963 1293 3028 ecclesia
1308 2959 1361 3044 tss)
1372 2963 1413 3027 ad

231 3053 452 3136 episcopatum
471 3054 603 3119 ecclesie
622 3050 684 3137 t.‚³)
703 3055 863 3138 imprimis
879 3077 938 3138 per
954 3054 1080 3118 obitum
1100 3054 1269 3118 reverendi
1293 3053 1415 3117 domini

230 3139 440 3224 Sigismundi,
474 3144 617 3209 eiusdem
651 3144 781 3209 ecclesie
815 3145 922 3209 ultimi
955 3144 1022 3208 veri
1046 3151 1079 3208 et
1102 3142 1289 3207 immediate
1321 3143 1415 3207 electi

230 3229 316 3312 (sio),
348 3233 388 3297 de
410 3234 482 3316 jure
506 3240 539 3298 et
563 3235 602 3298 de
625 3235 714 3300 facto
737 3241 916 3317 vacantem,
949 3232 1147 3298 auctoritate
1180 3239 1292 3298 nostra
1324 3235 1415 3316 regia

231 3327 264 3386 et
286 3323 368 3406 juris
391 3330 587 3406 patronatus
610 3326 723 3405 nostri,
748 3325 899 3390 duximus
923 3322 1195 3403 transferendum,
1220 3323 1414 3405 eligendum,

230 3413 464 3479 nominandum
497 3419 530 3477 et
561 3416 826 3498 presentandum,
859 3417 1031 3498 ipsumque
1056 3414 1286 3496 episcopatum,
1318 3413 1415 3478 simul

230 3523 304 3565 cum
327 3503 451 3584 castris,
476 3505 626 3586 castellis
650 3506 849 3586 civitatibus,
873 3505 1010 3589 oppidis,
1029 3504 1113 3568 villis
1137 3509 1170 3567 et
1195 3503 1414 3586 proventibus

231 3593 272 3656 ad
296 3594 434 3657 eundem
458 3594 498 3658 de
520 3595 592 3677 jure
615 3616 654 3660 ac
678 3596 719 3660 ab
745 3597 882 3680 antiquo
905 3595 1068 3679 pertinere
1090 3592 1293 3674 debentibus,
1310 3593 1413 3658 eidem

231 3682 376 3747 dandum
394 3690 427 3748 et
446 3684 695 3765 conferendum3
719 3686 817 3751 immo
841 3686 1060 3763 tansferimus,
1083 3683 1232 3766 eligimus
1257 3689 1289 3748 et
1312 3683 1414 3748 nomi-

230 3795 354 3856 namus,
378 3773 557 3857 damusque
581 3780 614 3840 et
637 3775 833 3840 conferimus
856 3776 1059 3859 presencium
1078 3795 1135 3856 per
1152 3773 1303 3855 vigorem.
1327 3771 1414 3855 Quo-

231 3863 317 3927 circa
354 3863 445 3928 vobis
482 3865 634 3932 fidelibus
672 3867 793 3930 nostris
830 3865 1071 3930 venerabilibus
1104 3869 1137 3929 et
1169 3863 1414 3928 honorabilibus

230 3955 373 4036 capitulo
397 3954 529 4019 ecclesie
553 3951 606 4037 tf)
631 3978 668 4020 ac
695 3957 844 4021 universo
870 3956 964 4036 clero,
989 3954 1116 4038 populo,
1141 3952 1279 4017 firmiter
1311 3955 1414 4036 preci-

230 4043 354 4125 pientes
377 4045 578 4126 mandamus,
602 4052 764 4128 quatenus
788 4068 807 4110 a
831 4047 925 4110 modo
949 4045 1099 4127 deinceps
1123 4043 1288 4126 prefatum
1312 4044 1413 4108 domi-

228 4156 308 4198 num
335 4130 386 4216 t.⁵)
416 4136 599 4219 episcopum
629 4158 689 4220 pro
721 4143 827 4201 vestro
860 4157 943 4216 vero,
981 4135 1127 4217 legitimo
1159 4138 1192 4196 et
1224 4133 1413 4198 indubitato

232 4273 443 4284 nan——

340 4347 359 4407 ¹)
380 4346 508 4416 »Georgii
529 4347 563 4400 de
582 4347 738 4400 &almare

339 4420 359 4478 ⁸)
380 4419 584 4472 »Varediensi«

339 4492 358 4551 8)
380 4490 722 4556 »Quinqueecclesiensis«

338 4565 358 4622 ⁴)
380 4563 721 4626 »Quinqneecclesiensis«

340 4637 359 4697 ⁸)
382 4635 573 4706 »Georgium«
