3458 5492
470 466 488 502 ι
511 464 632 503 ιιιιιιιιι
655 465 714 502 nvn.
738 463 867 502 unorum
890 463 943 503 ιοιι
966 452 1193 504 roartunrtnna
1362 441 1423 503 187

245 634 444 716 provinciam
468 635 679 698 christianam
700 634 881 698 reddiderit
905 631 1082 717 (Beronius
1098 636 1139 698 ad
1157 657 1276 700 annam
1299 632 1426 717 loca.);

242 733 278 788 et
302 746 341 787 ex
365 725 610 806 recuperatione
627 725 777 788 ecclesiae
794 725 999 788 demonibus
1023 725 1203 788 infidelium
1228 727 1383 789 concedat
1370 734 1427 789 tur

244 815 296 878 ius
328 821 483 897 patronat
485 819 602 892 us,ut
565 813 699 877 utluit
731 814 938 877 observatum
962 814 994 877 in
1021 815 1173 878 ecclesiae
1206 813 1285 917 Sept
1288 816 1356 879 ensi
1382 811 1426 896 (P)

246 912 389 986 tempore
414 901 572 968 Clement
548 909 590 967 ιιι
610 903 707 983 VH,
733 925 794 966 non
813 904 910 967 debet
928 904 986 967 hoc
1002 904 1143 1006 intelligi
1166 903 1239 967 de
1230 925 1301 968 rure
1326 907 1427 968 nomi·

245 1016 287 1057 na
291 993 394 1060 tionis
430 993 516 1074 quod
549 1013 612 1054 non
645 953 752 1074 potbst
790 1001 917 1103 compet
919 1015 972 1056 ere
1005 995 1038 1056 in
1072 995 1260 1076 episcopatu
1293 995 1356 1058 nisi
1389 1015 1428 1058 ex

246 1083 444 1147 auctoritate
468 1088 560 1162 apost
547 1077 644 1145 tolica
660 1130 761 1144 .....

354 1171 427 1235 Non
450 1170 525 1234 obst
512 1179 562 1234 tat
586 1172 673 1253 quod
697 1171 924 1235 Transilvania
949 1173 992 1235 sit
1016 1172 1149 1238 lendum
1172 1149 1265 1254 regni
1288 1172 1428 1254 Hunga·

246 1263 332 1338 riae,
358 1263 435 1344 quia
459 1262 664 1343 privilegium
688 1282 873 1324 concessum
897 1270 1009 1326 sancto
1033 1261 1199 1343 Stephano
1219 1283 1315 1344 super
1331 1264 1429 1326 ecele-

246 1353 301 1415 siis
333 1351 527 1432 Hungariae
561 1351 624 1414 fuit
650 1357 880 1433 anteceptam
905 1349 1175 1430 Transilvaniam,
1200 1357 1238 1414 nt
1262 1352 1428 1434 colligitur

247 1462 286 1504 ex
310 1436 514 1519 Βιιοιιιο(ιι
516 1435 738 1522 tisupra),et
724 1441 804 1504 tad
827 1440 918 1505 illam
942 1462 1005 1504 non
1031 1442 1227 1505 extenditur.

354 1529 480 1594 Necte
481 1552 546 1594 1am
570 1531 688 1608 obstat,
712 1529 799 1612 qnod
819 1529 1007 1594 Uladislaus
1023 1551 1081 1593 rex
1097 1530 1291 1612 Hungariae
1309 1530 1430 1596 Valen-

249 1621 317 1683 tino
341 1619 537 1684 Varadiensi
561 1621 714 1696 extincto,
739 1619 947 1683 Dominicum
971 1618 1148 1684 Albensem
1171 1620 1373 1703 praefecerit,
1397 1627 1431 1683 et

248 1710 280 1772 in
312 1708 452 1772 Albensi
484 1708 649 1774 suffecerit
683 1709 941 1792 Frangipanum,
977 1717 1013 1772 ιιι
1037 1711 1175 1774 tradunt
1199 1709 1370 1774 Bonfinius
1398 1717 1431 1773 et

244 1798 391 1880 (iurene,
416 1799 494 1880 quia
517 1819 581 1862 non
607 1805 734 1863 constat
757 1819 800 1862 an
824 1799 1002 1881 loquantur
1019 1799 1058 1862 de
1079 1799 1167 1863 Alba
1182 1798 1207 1861 J
1211 1800 1286 1879 ulia,
1310 1800 1349 1862 dc
1366 1821 1430 1886 qua

247 1897 296 1952 est
322 1888 477 1970 quaestio,
501 1889 551 1952 vel
575 1888 614 1952 de
637 1887 728 1953 Alba
751 1886 887 1952 Graeca.

357 1978 469 2041 Minus
501 1977 611 2042 obstat
642 1978 781 2060 provisio
805 1978 845 2041 de
869 1999 955 2040 anno
982 1976 1085 2054 1600,
1109 1978 1151 2040 ad
1177 1978 1431 2043 nominationem

249 2067 475 2145 Transilvani3
500 2068 577 2149 quia
605 2069 709 2150 posito
735 2068 821 2150 quod
846 2067 1082 2132 Transilvanus
1106 2067 1259 2131 habuerit
1283 2068 1342 2131 hoc
1366 2069 1431 2149 pri-

249 2157 411 2238 vilegium,
444 2178 509 2220 non
540 2178 665 2240 semper
698 2158 818 2221 transit
851 2157 892 2220 ad
919 2156 1098 2221 dominium
1122 2156 1293 2232 directum,
1317 2157 1366 2220 vel
1390 2156 1432 2221 ad

245 2247 350 2310 alium
384 2247 614 2326 feudatarium,
648 2269 721 2310 cum
749 2248 792 2311 sit
817 2247 1001 2328 personale,
1019 2294 1025 2308 .
1042 2295 1048 2309 .
1066 2295 1072 2308 .
1089 2255 1259 2327 praeterea
1282 2249 1314 2310 in
1340 2247 1433 2310 libris

250 2336 332 2400 sacri
366 2336 492 2417 collegii
524 2337 584 2400 sub
618 2334 809 2401 Alexandro
833 2334 893 2400 VI.
917 2342 950 2400 et
974 2335 1045 2399 aliis
1070 2337 1202 2399 summis
1225 2336 1433 2418 pontificibus

250 2425 461 2508 reperiuntur
492 2425 688 2508 provisiones
720 2427 852 2504 liberae,
893 2426 926 2488 in
970 2425 1079 2488 favore
1115 2447 1227 2490 sacrae
1250 2427 1434 2491 Romanae

252 2515 404 2580 ecclesiae
437 2515 661 2594 cardinalium,
695 2519 794 2579 etiam
828 2515 1036 2580 ecclesiarum
1072 2515 1284 2601 Hungariae3
1318 2517 1434 2579 ultimo

251 2606 402 2669 ecclesiae
426 2604 599 2686 Agriensis
622 2606 866 2670 commendatae
899 2604 1057 2668 cardinali
1083 2605 1215 2669 Estensi
1239 2606 1434 2669 vicecancel-

249 2695 348 2772 lari03
381 2715 440 2758 nec
473 2695 607 2758 ultimus
640 2701 745 2759 status
778 2715 836 2777 per
872 2695 1002 2758 unicum
1025 2701 1137 2757 actum
1160 2695 1352 2774 ostenditur,
1377 2694 1433 2758 ubi

251 2790 379 2848 constat
402 2785 442 2847 de
466 2785 628 2847 contrario
645 2833 652 2847 .
669 2833 676 2846 .
692 2807 717 2866 .;
734 2783 928 2867 praesertim
951 2784 984 2846 in
1009 2785 1148 2848 materia
1171 2785 1236 2848 iuri
1260 2784 1434 2861 contraria,

249 2896 346 2956 super
370 2895 436 2956 qua
458 2873 524 2936 luit
547 2873 580 2936 in
605 2874 773 2956 praedicta
797 2874 1047 2956 congregatione
1063 2872 1247 2938 decretum:
1273 2874 1434 2938 huismodi

251 2965 415 3046 episcopos
438 2963 590 3027 titulares
614 2984 678 3027 non
703 2984 770 3027 esse
794 2962 1058 3044 multiplicandos
1081 2963 1150 3026 sine
1175 2964 1376 3043 necessitate,
1401 2971 1434 3026 et

250 3053 447 3135 provisiones
471 3053 678 3116 ecclesiarum
703 3053 912 3116 existentium
936 3053 970 3115 in
987 3051 1138 3134 partibus
1162 3053 1342 3116 infidelium
1367 3073 1434 3116 esse

250 3149 430 3206 reservatas
464 3141 563 3206 libere
597 3143 908 3224 sedisapostolicae,
934 3143 1070 3206 exclusis
1094 3143 1193 3205 etiam
1216 3143 1290 3221 illis,
1314 3142 1434 3225 quibus

249 3233 291 3295 de
314 3233 385 3295 iure
409 3231 490 3294 alias
514 3227 628 3295 electio
652 3233 926 3314 competebat...

253 3466 269 3513 d
289 3461 310 3512 t·
345 3390 401 3513 Rata
418 3388 478 3441 irat
497 3388 577 3442 Cle‘n:
602 3395 711 3442 Inclusa
730 3391 834 3443 litteris
853 3390 975 3458 episcopi
996 3389 1160 3443 Viennensis
1181 3394 1214 3442 de
1231 3398 1260 3441 19
1276 3389 1333 3441 Mai
1357 3396 1437 3440 1635.

272 3478 287 3512 ι
303 3479 325 3513 rs
371 3478 440 3514 ome.

359 3607 502 3672 (Egykorv'v
521 3605 577 3657 irat
596 3585 745 3671 aprimasi
765 3605 880 3670 egyhdzi
900 3606 1093 3666 leve'lttrban.)

753 3890 931 3958 CXLVII.

802 4059 896 4118 1635.
929 4081 931 4086 ·

254 4213 481 4282 Mucumbriao
504 4214 612 4278 Jaoos
634 4214 740 4279 romei
762 4217 888 4298 dpyoed
913 4236 934 4280 a
959 4215 1105 4281 csdsadrt
1129 4216 1219 4280 kdvet
1242 4214 1435 4298 mepbtaosd·

299 4304 346 4368 ool
370 4303 510 4386 cedfolja
526 4325 547 4372 a
562 4325 700 4388 mtappar
720 4305 843 4369 torono
861 4305 954 4389 Ιιὀριι
976 4307 1059 4371 clleo
1082 4304 1234 4385 felboaott
1257 4306 1390 4368 droeket.

362 4465 480 4534 Sacrae
504 4489 613 4532 rerum
637 4466 909 4532 consistorialium
933 4466 1184 4550 congregationi.

363 4557 651 4622 Transilvanensis.
674 4555 740 4620 Pro
764 4558 966 4624 serenissimo
989 4578 1064 4639 rege
1088 4557 1290 4639 Hungariae.
