<?xml version="1.0" encoding="UTF-8"?>
<!DOCTYPE html PUBLIC "-//W3C//DTD XHTML 1.0 Transitional//EN"
    "http://www.w3.org/TR/xhtml1/DTD/xhtml1-transitional.dtd">
<html xmlns="http://www.w3.org/1999/xhtml" xml:lang="en" lang="en">
 <head>
  <title>
</title>
<meta http-equiv="Content-Type" content="text/html;charset=utf-8" />
  <meta name='ocr-system' content='tesseract 3.04.00' />
  <meta name='ocr-capabilities' content='ocr_page ocr_carea ocr_par ocr_line ocrx_word'/>
</head>
<body>
  <div class='ocr_page' id='page_1' title='image "./oklevltramagyar00frakgoog_0089.png"; bbox 0 0 3454 5492; ppageno 0'>
   <div class='ocr_carea' id='block_1_1' title="bbox 355 445 1038 504">
    <p class='ocr_par' dir='ltr' id='par_1_1' title="bbox 355 445 1038 504">
     <span class='ocr_line' id='line_1_1' title="bbox 355 445 1038 504; baseline 0 -2"><span class='ocrx_word' id='word_1_1' title='bbox 355 445 396 504; x_wconf 73' lang='lat'>52</span> <span class='ocrx_word' id='word_1_2' title='bbox 583 497 584 502; x_wconf 73' lang='grc'>,</span> <span class='ocrx_word' id='word_1_3' title='bbox 851 449 1038 504; x_wconf 80' lang='lat' dir='ltr'>ouuavrturln</span> 
     </span>
    </p>
   </div>
   <div class='ocr_carea' id='block_1_2' title="bbox 348 630 1538 4654">
    <p class='ocr_par' dir='ltr' id='par_1_2' title="bbox 348 630 1538 4654">
     <span class='ocr_line' id='line_1_2' title="bbox 354 630 1538 716; baseline -0.003 -19"><span class='ocrx_word' id='word_1_4' title='bbox 354 639 387 697; x_wconf 93' lang='lat' dir='ltr'>et</span> <span class='ocrx_word' id='word_1_5' title='bbox 411 631 445 696; x_wconf 91' lang='lat' dir='ltr'>in</span> <span class='ocrx_word' id='word_1_6' title='bbox 470 653 508 696; x_wconf 90' lang='lat' dir='ltr'>ea</span> <span class='ocrx_word' id='word_1_7' title='bbox 530 630 746 716; x_wconf 81' lang='lat' dir='ltr'>presentibus,</span> <span class='ocrx_word' id='word_1_8' title='bbox 771 651 895 696; x_wconf 84' lang='lat' dir='ltr'>necnon</span> <span class='ocrx_word' id='word_1_9' title='bbox 915 631 957 694; x_wconf 90' lang='lat' dir='ltr'>ad</span> <span class='ocrx_word' id='word_1_10' title='bbox 977 631 1083 696; x_wconf 90' lang='lat' dir='ltr'>instar</span> <span class='ocrx_word' id='word_1_11' title='bbox 1106 632 1282 696; x_wconf 90' lang='lat' dir='ltr'>eorundem</span> <span class='ocrx_word' id='word_1_12' title='bbox 1306 631 1538 696; x_wconf 88' lang='lat' dir='ltr'>nonnullorum</span> 
     </span>
     <span class='ocr_line' id='line_1_3' title="bbox 354 721 1537 804; baseline -0.001 -18"><span class='ocrx_word' id='word_1_13' title='bbox 354 721 567 788; x_wconf 83' lang='lat' dir='ltr'><strong>familiarium</strong></span> <span class='ocrx_word' id='word_1_14' title='bbox 590 727 776 786; x_wconf 90' lang='lat' dir='ltr'>nostrorum</span> <span class='ocrx_word' id='word_1_15' title='bbox 800 721 1030 786; x_wconf 89' lang='lat' dir='ltr'>continuorum</span> <span class='ocrx_word' id='word_1_16' title='bbox 1063 721 1326 786; x_wconf 80' lang='lat' dir='ltr'>commensalium</span> <span class='ocrx_word' id='word_1_17' title='bbox 1359 721 1537 804; x_wconf 90' lang='lat' dir='ltr'>descripto-</span> 
     </span>
     <span class='ocr_line' id='line_1_4' title="bbox 354 811 1537 878; baseline -0.003 0"><span class='ocrx_word' id='word_1_18' title='bbox 354 834 427 878; x_wconf 89' lang='lat' dir='ltr'>rum</span> <span class='ocrx_word' id='word_1_19' title='bbox 461 811 494 874; x_wconf 94' lang='lat' dir='ltr'>in</span> <span class='ocrx_word' id='word_1_20' title='bbox 529 811 625 875; x_wconf 89' lang='lat' dir='ltr'>dictis</span> <span class='ocrx_word' id='word_1_21' title='bbox 657 811 779 875; x_wconf 91' lang='lat' dir='ltr'>litteris</span> <span class='ocrx_word' id='word_1_22' title='bbox 812 811 910 875; x_wconf 86' lang='lat' dir='ltr'>otiam</span> <span class='ocrx_word' id='word_1_23' title='bbox 944 822 1035 875; x_wconf 90' lang='lat' dir='ltr'>motu</span> <span class='ocrx_word' id='word_1_24' title='bbox 1060 816 1093 875; x_wconf 92' lang='lat' dir='ltr'>et</span> <span class='ocrx_word' id='word_1_25' title='bbox 1116 811 1252 874; x_wconf 90' lang='lat' dir='ltr'>scientia</span> <span class='ocrx_word' id='word_1_26' title='bbox 1277 811 1437 876; x_wconf 90' lang='lat' dir='ltr'>similibus</span> <span class='ocrx_word' id='word_1_27' title='bbox 1462 832 1537 875; x_wconf 89' lang='lat' dir='ltr'>con·</span> 
     </span>
     <span class='ocr_line' id='line_1_5' title="bbox 353 899 1535 982; baseline -0.003 -16"><span class='ocrx_word' id='word_1_28' title='bbox 353 903 457 980; x_wconf 89' lang='lat' dir='ltr'>cessis,</span> <span class='ocrx_word' id='word_1_29' title='bbox 472 901 521 964; x_wconf 88' lang='lat' dir='ltr'>vel</span> <span class='ocrx_word' id='word_1_30' title='bbox 545 900 758 970; x_wconf 81' lang='lat' dir='ltr'>concedendis</span> <span class='ocrx_word' id='word_1_31' title='bbox 782 901 899 982; x_wconf 86' lang='lat' dir='ltr'>gratiis</span> <span class='ocrx_word' id='word_1_32' title='bbox 923 899 1019 964; x_wconf 86' lang='lat' dir='ltr'>iactis</span> <span class='ocrx_word' id='word_1_33' title='bbox 1042 922 1171 982; x_wconf 90' lang='lat' dir='ltr'>queque</span> <span class='ocrx_word' id='word_1_34' title='bbox 1195 907 1228 966; x_wconf 90' lang='lat' dir='ltr'>et</span> <span class='ocrx_word' id='word_1_35' title='bbox 1252 900 1408 965; x_wconf 79' lang='lat' dir='ltr'>faciendis</span> <span class='ocrx_word' id='word_1_36' title='bbox 1424 901 1535 964; x_wconf 83' lang='lat' dir='ltr'>forsan</span> 
     </span>
     <span class='ocr_line' id='line_1_6' title="bbox 353 989 1536 1074; baseline -0.002 -20"><span class='ocrx_word' id='word_1_37' title='bbox 353 1011 482 1074; x_wconf 87' lang='lat' dir='ltr'>pernes</span> <span class='ocrx_word' id='word_1_38' title='bbox 506 1011 603 1072; x_wconf 90' lang='lat' dir='ltr'>super</span> <span class='ocrx_word' id='word_1_39' title='bbox 626 989 812 1072; x_wconf 84' lang='lat' dir='ltr'>privilegiis,</span> <span class='ocrx_word' id='word_1_40' title='bbox 836 989 1060 1073; x_wconf 67' lang='lat' dir='ltr'>prerogativis</span> <span class='ocrx_word' id='word_1_41' title='bbox 1084 990 1349 1070; x_wconf 88' lang='lat' dir='ltr'>antelationibus,</span> <span class='ocrx_word' id='word_1_42' title='bbox 1368 990 1536 1056; x_wconf 86' lang='lat' dir='ltr'>facultati-</span> 
     </span>
     <span class='ocr_line' id='line_1_7' title="bbox 353 1079 1537 1161; baseline -0.003 -16"><span class='ocrx_word' id='word_1_43' title='bbox 353 1082 423 1160; x_wconf 87' lang='lat' dir='ltr'>bus,</span> <span class='ocrx_word' id='word_1_44' title='bbox 447 1079 715 1160; x_wconf 86' lang='lat' dir='ltr'>concessionibus,</span> <span class='ocrx_word' id='word_1_45' title='bbox 749 1079 865 1161; x_wconf 84' lang='lat' dir='ltr'>gratiis</span> <span class='ocrx_word' id='word_1_46' title='bbox 889 1086 922 1142; x_wconf 93' lang='lat' dir='ltr'>et</span> <span class='ocrx_word' id='word_1_47' title='bbox 946 1080 1019 1144; x_wconf 89' lang='lat' dir='ltr'>aliis</span> <span class='ocrx_word' id='word_1_48' title='bbox 1049 1079 1214 1161; x_wconf 88' lang='lat' dir='ltr'>premissis</span> <span class='ocrx_word' id='word_1_49' title='bbox 1249 1079 1537 1158; x_wconf 83' lang='lat' dir='ltr'>declarationibus,</span> 
     </span>
     <span class='ocr_line' id='line_1_8' title="bbox 354 1169 1537 1253; baseline -0.001 -19"><span class='ocrx_word' id='word_1_50' title='bbox 354 1191 476 1234; x_wconf 91' lang='lat' dir='ltr'>necnon</span> <span class='ocrx_word' id='word_1_51' title='bbox 502 1170 652 1234; x_wconf 91' lang='lat' dir='ltr'>omnibus</span> <span class='ocrx_word' id='word_1_52' title='bbox 677 1177 710 1233; x_wconf 90' lang='lat' dir='ltr'>et</span> <span class='ocrx_word' id='word_1_53' title='bbox 733 1169 870 1250; x_wconf 83' lang='lat' dir='ltr'>singulis</span> <span class='ocrx_word' id='word_1_54' title='bbox 894 1169 928 1233; x_wconf 92' lang='lat' dir='ltr'>in</span> <span class='ocrx_word' id='word_1_55' title='bbox 953 1170 998 1233; x_wconf 89' lang='lat' dir='ltr'>eis</span> <span class='ocrx_word' id='word_1_56' title='bbox 1021 1175 1054 1232; x_wconf 93' lang='lat' dir='ltr'>et</span> <span class='ocrx_word' id='word_1_57' title='bbox 1078 1169 1151 1233; x_wconf 89' lang='lat' dir='ltr'>aliis</span> <span class='ocrx_word' id='word_1_58' title='bbox 1176 1169 1341 1253; x_wconf 91' lang='lat' dir='ltr'>premissis</span> <span class='ocrx_word' id='word_1_59' title='bbox 1374 1171 1537 1233; x_wconf 86' lang='lat' dir='ltr'>contentis</span> 
     </span>
     <span class='ocr_line' id='line_1_9' title="bbox 353 1258 1535 1341; baseline -0.001 -18"><span class='ocrx_word' id='word_1_60' title='bbox 353 1259 508 1323; x_wconf 88' lang='lat' dir='ltr'>clausulis</span> <span class='ocrx_word' id='word_1_61' title='bbox 532 1259 756 1340; x_wconf 86' lang='lat' dir='ltr'>derogatoriis,</span> <span class='ocrx_word' id='word_1_62' title='bbox 780 1265 813 1322; x_wconf 91' lang='lat' dir='ltr'>et</span> <span class='ocrx_word' id='word_1_63' title='bbox 837 1258 911 1322; x_wconf 88' lang='lat' dir='ltr'>aliis</span> <span class='ocrx_word' id='word_1_64' title='bbox 933 1280 992 1341; x_wconf 89' lang='lat' dir='ltr'>per</span> <span class='ocrx_word' id='word_1_65' title='bbox 1016 1279 1079 1340; x_wconf 92' lang='lat' dir='ltr'>que</span> <span class='ocrx_word' id='word_1_66' title='bbox 1103 1265 1312 1341; x_wconf 87' lang='lat' dir='ltr'>expectantes</span> <span class='ocrx_word' id='word_1_67' title='bbox 1335 1258 1460 1340; x_wconf 92' lang='lat' dir='ltr'>aliquos</span> <span class='ocrx_word' id='word_1_68' title='bbox 1493 1259 1535 1323; x_wconf 91' lang='lat' dir='ltr'>ad</span> 
     </span>
     <span class='ocr_line' id='line_1_10' title="bbox 353 1347 1535 1430; baseline 0 -18"><span class='ocrx_word' id='word_1_69' title='bbox 353 1350 403 1412; x_wconf 88' lang='lat' dir='ltr'>ius</span> <span class='ocrx_word' id='word_1_70' title='bbox 427 1370 596 1413; x_wconf 89' lang='lat' dir='ltr'>commune</span> <span class='ocrx_word' id='word_1_71' title='bbox 620 1369 693 1412; x_wconf 89' lang='lat' dir='ltr'>oum</span> <span class='ocrx_word' id='word_1_72' title='bbox 718 1348 790 1411; x_wconf 92' lang='lat' dir='ltr'>aliis</span> <span class='ocrx_word' id='word_1_73' title='bbox 814 1348 1062 1430; x_wconf 75' lang='lat' dir='ltr'>expectantibus</span> <span class='ocrx_word' id='word_1_74' title='bbox 1091 1347 1204 1412; x_wconf 87' lang='lat' dir='ltr'>reduci</span> <span class='ocrx_word' id='word_1_75' title='bbox 1230 1349 1452 1428; x_wconf 87' lang='lat' dir='ltr'>concessimus,</span> <span class='ocrx_word' id='word_1_76' title='bbox 1476 1355 1535 1412; x_wconf 91' lang='lat' dir='ltr'>aut</span> 
     </span>
     <span class='ocr_line' id='line_1_11' title="bbox 352 1437 1536 1519; baseline -0.002 -17"><span class='ocrx_word' id='word_1_77' title='bbox 352 1439 600 1502; x_wconf 87' lang='lat' dir='ltr'>concederemus</span> <span class='ocrx_word' id='word_1_78' title='bbox 623 1438 752 1519; x_wconf 89' lang='lat' dir='ltr'>illisque</span> <span class='ocrx_word' id='word_1_79' title='bbox 776 1437 913 1513; x_wconf 85' lang='lat' dir='ltr'>adiectis</span> <span class='ocrx_word' id='word_1_80' title='bbox 937 1437 1075 1501; x_wconf 85' lang='lat' dir='ltr'>decretis</span> <span class='ocrx_word' id='word_1_81' title='bbox 1103 1437 1322 1517; x_wconf 91' lang='lat' dir='ltr'>irritantibus,</span> <span class='ocrx_word' id='word_1_82' title='bbox 1346 1459 1470 1502; x_wconf 89' lang='lat' dir='ltr'>necnon</span> <span class='ocrx_word' id='word_1_83' title='bbox 1495 1439 1536 1501; x_wconf 89' lang='lat' dir='ltr'>de</span> 
     </span>
     <span class='ocr_line' id='line_1_12' title="bbox 353 1527 1535 1610; baseline -0.001 -19"><span class='ocrx_word' id='word_1_84' title='bbox 353 1527 518 1592; x_wconf 86' lang='lat' dir='ltr'>beneficiis</span> <span class='ocrx_word' id='word_1_85' title='bbox 550 1528 735 1591; x_wconf 91' lang='lat' dir='ltr'>huiusmodi</span> <span class='ocrx_word' id='word_1_86' title='bbox 769 1527 936 1609; x_wconf 83' lang='lat' dir='ltr'>quibusvis</span> <span class='ocrx_word' id='word_1_87' title='bbox 969 1527 1120 1606; x_wconf 88' lang='lat' dir='ltr'>ecclesiis,</span> <span class='ocrx_word' id='word_1_88' title='bbox 1149 1527 1376 1610; x_wconf 83' lang='lat' dir='ltr'>dignitatibus,</span> <span class='ocrx_word' id='word_1_89' title='bbox 1408 1529 1535 1606; x_wconf 90' lang='lat' dir='ltr'>mensis,</span> 
     </span>
     <span class='ocr_line' id='line_1_13' title="bbox 352 1616 1535 1700; baseline 0 -18"><span class='ocrx_word' id='word_1_90' title='bbox 352 1617 565 1696; x_wconf 90' lang='lat' dir='ltr'>monasteriis,</span> <span class='ocrx_word' id='word_1_91' title='bbox 582 1616 792 1700; x_wconf 89' lang='lat' dir='ltr'>prioratibus,</span> <span class='ocrx_word' id='word_1_92' title='bbox 810 1617 1033 1698; x_wconf 88' lang='lat' dir='ltr'>preposituris,</span> <span class='ocrx_word' id='word_1_93' title='bbox 1051 1616 1316 1698; x_wconf 88' lang='lat' dir='ltr'>prepositatibus,</span> <span class='ocrx_word' id='word_1_94' title='bbox 1337 1617 1535 1682; x_wconf 86' lang='lat' dir='ltr'>canonicati-</span> 
     </span>
     <span class='ocr_line' id='line_1_14' title="bbox 352 1705 1536 1789; baseline -0.003 -17"><span class='ocrx_word' id='word_1_95' title='bbox 352 1707 414 1772; x_wconf 91' lang='lat' dir='ltr'>bus</span> <span class='ocrx_word' id='word_1_96' title='bbox 448 1713 481 1770; x_wconf 90' lang='lat' dir='ltr'>et</span> <span class='ocrx_word' id='word_1_97' title='bbox 513 1707 687 1789; x_wconf 89' lang='lat' dir='ltr'>prebendis</span> <span class='ocrx_word' id='word_1_98' title='bbox 725 1706 863 1788; x_wconf 91' lang='lat' dir='ltr'>aliisque</span> <span class='ocrx_word' id='word_1_99' title='bbox 901 1705 1066 1770; x_wconf 90' lang='lat' dir='ltr'>beneficiis</span> <span class='ocrx_word' id='word_1_100' title='bbox 1104 1713 1164 1770; x_wconf 91' lang='lat' dir='ltr'>aut</span> <span class='ocrx_word' id='word_1_101' title='bbox 1200 1707 1277 1770; x_wconf 89' lang='lat' dir='ltr'>locis</span> <span class='ocrx_word' id='word_1_102' title='bbox 1310 1707 1536 1772; x_wconf 84' lang='lat' dir='ltr'>ecclesiasticis</span> 
     </span>
     <span class='ocr_line' id='line_1_15' title="bbox 352 1795 1534 1880; baseline -0.001 -19"><span class='ocrx_word' id='word_1_103' title='bbox 352 1796 457 1874; x_wconf 86' lang='lat' dir='ltr'>sactis,</span> <span class='ocrx_word' id='word_1_104' title='bbox 477 1817 540 1878; x_wconf 89' lang='lat' dir='ltr'>que</span> <span class='ocrx_word' id='word_1_105' title='bbox 559 1818 654 1859; x_wconf 90' lang='lat' dir='ltr'>suum</span> <span class='ocrx_word' id='word_1_106' title='bbox 679 1796 823 1860; x_wconf 93' lang='lat' dir='ltr'>nondum</span> <span class='ocrx_word' id='word_1_107' title='bbox 847 1796 962 1859; x_wconf 91' lang='lat' dir='ltr'>sortite</span> <span class='ocrx_word' id='word_1_108' title='bbox 986 1803 1063 1860; x_wconf 91' lang='lat' dir='ltr'>sunt</span> <span class='ocrx_word' id='word_1_109' title='bbox 1087 1795 1247 1875; x_wconf 84' lang='lat' dir='ltr'>effectum,</span> <span class='ocrx_word' id='word_1_110' title='bbox 1267 1803 1300 1860; x_wconf 93' lang='lat' dir='ltr'>et</span> <span class='ocrx_word' id='word_1_111' title='bbox 1319 1795 1534 1880; x_wconf 90' lang='lat' dir='ltr'>inposterum</span> 
     </span>
     <span class='ocr_line' id='line_1_16' title="bbox 353 1884 1534 1968; baseline 0 -18"><span class='ocrx_word' id='word_1_112' title='bbox 353 1897 460 1950; x_wconf 81' lang='lat' dir='ltr'>torsan</span> <span class='ocrx_word' id='word_1_113' title='bbox 497 1886 653 1950; x_wconf 82' lang='lat' dir='ltr'>iaciendis</span> <span class='ocrx_word' id='word_1_114' title='bbox 678 1884 861 1964; x_wconf 86' lang='lat' dir='ltr'>unionibus,</span> <span class='ocrx_word' id='word_1_115' title='bbox 886 1886 985 1948; x_wconf 91' lang='lat' dir='ltr'>etiam</span> <span class='ocrx_word' id='word_1_116' title='bbox 1010 1886 1037 1948; x_wconf 92' lang='lat' dir='ltr'>si</span> <span class='ocrx_word' id='word_1_117' title='bbox 1061 1885 1101 1949; x_wconf 88' lang='lat' dir='ltr'>dc</span> <span class='ocrx_word' id='word_1_118' title='bbox 1123 1886 1196 1964; x_wconf 92' lang='lat' dir='ltr'>illis,</span> <span class='ocrx_word' id='word_1_119' title='bbox 1222 1907 1361 1968; x_wconf 90' lang='lat' dir='ltr'>quarum</span> <span class='ocrx_word' id='word_1_120' title='bbox 1389 1888 1534 1950; x_wconf 90' lang='lat' dir='ltr'>omnium</span> 
     </span>
     <span class='ocr_line' id='line_1_17' title="bbox 353 1975 1533 2057; baseline -0.001 -18"><span class='ocrx_word' id='word_1_121' title='bbox 353 1977 472 2041; x_wconf 84' lang='lat' dir='ltr'>formas</span> <span class='ocrx_word' id='word_1_122' title='bbox 505 1984 538 2040; x_wconf 89' lang='lat' dir='ltr'>et</span> <span class='ocrx_word' id='word_1_123' title='bbox 572 1985 699 2039; x_wconf 88' lang='lat' dir='ltr'>tenores</span> <span class='ocrx_word' id='word_1_124' title='bbox 723 1997 781 2057; x_wconf 89' lang='lat' dir='ltr'>pro</span> <span class='ocrx_word' id='word_1_125' title='bbox 805 1975 963 2057; x_wconf 85' lang='lat' dir='ltr'>expressis</span> <span class='ocrx_word' id='word_1_126' title='bbox 987 1975 1101 2038; x_wconf 90' lang='lat' dir='ltr'>haberi</span> <span class='ocrx_word' id='word_1_127' title='bbox 1125 1975 1282 2054; x_wconf 90' lang='lat' dir='ltr'>volumus,</span> <span class='ocrx_word' id='word_1_128' title='bbox 1306 1976 1346 2040; x_wconf 91' lang='lat' dir='ltr'>de</span> <span class='ocrx_word' id='word_1_129' title='bbox 1370 1977 1467 2040; x_wconf 87' lang='lat' dir='ltr'>verbo</span> <span class='ocrx_word' id='word_1_130' title='bbox 1491 1975 1533 2040; x_wconf 92' lang='lat' dir='ltr'>ad</span> 
     </span>
     <span class='ocr_line' id='line_1_18' title="bbox 352 2063 1534 2147; baseline 0.001 -20"><span class='ocrx_word' id='word_1_131' title='bbox 352 2067 496 2144; x_wconf 91' lang='lat' dir='ltr'>verbum,</span> <span class='ocrx_word' id='word_1_132' title='bbox 520 2085 644 2128; x_wconf 90' lang='lat' dir='ltr'>necnon</span> <span class='ocrx_word' id='word_1_133' title='bbox 668 2063 855 2130; x_wconf 87' lang='lat' dir='ltr'>nominibus</span> <span class='ocrx_word' id='word_1_134' title='bbox 879 2069 911 2128; x_wconf 89' lang='lat' dir='ltr'>et</span> <span class='ocrx_word' id='word_1_135' title='bbox 936 2063 1182 2146; x_wconf 84' lang='lat' dir='ltr'>cognominibus</span> <span class='ocrx_word' id='word_1_136' title='bbox 1213 2086 1433 2147; x_wconf 88' lang='lat' dir='ltr'>personarum,</span> <span class='ocrx_word' id='word_1_137' title='bbox 1463 2066 1534 2128; x_wconf 90' lang='lat' dir='ltr'>uni·</span> 
     </span>
     <span class='ocr_line' id='line_1_19' title="bbox 351 2153 1536 2237; baseline 0.001 -19"><span class='ocrx_word' id='word_1_138' title='bbox 351 2157 554 2234; x_wconf 87' lang='lat' dir='ltr'>versitatum,</span> <span class='ocrx_word' id='word_1_139' title='bbox 578 2155 795 2237; x_wconf 88' lang='lat' dir='ltr'>collegiorum,</span> <span class='ocrx_word' id='word_1_140' title='bbox 819 2153 985 2234; x_wconf 90' lang='lat' dir='ltr'>unionum,</span> <span class='ocrx_word' id='word_1_141' title='bbox 1004 2154 1206 2237; x_wconf 90' lang='lat' dir='ltr'>prelatorum</span> <span class='ocrx_word' id='word_1_142' title='bbox 1234 2155 1477 2219; x_wconf 89' lang='lat' dir='ltr'>ordinationum</span> <span class='ocrx_word' id='word_1_143' title='bbox 1501 2161 1536 2219; x_wconf 93' lang='lat' dir='ltr'>et</span> 
     </span>
     <span class='ocr_line' id='line_1_20' title="bbox 351 2244 1535 2346; baseline 0 -38"><span class='ocrx_word' id='word_1_144' title='bbox 351 2245 489 2308; x_wconf 90' lang='lat' dir='ltr'>aliorum</span> <span class='ocrx_word' id='word_1_145' title='bbox 513 2244 734 2326; x_wconf 89' lang='lat' dir='ltr'>predictorum</span> <span class='ocrx_word' id='word_1_146' title='bbox 759 2244 908 2326; x_wconf 90' lang='lat' dir='ltr'>specialis</span> <span class='ocrx_word' id='word_1_147' title='bbox 932 2265 1146 2346; x_wconf 82' lang='lat' dir='ltr'>expressaque</span> <span class='ocrx_word' id='word_1_148' title='bbox 1161 2245 1367 2326; x_wconf 88' lang='lat' dir='ltr'>presentibus</span> <span class='ocrx_word' id='word_1_149' title='bbox 1383 2245 1535 2309; x_wconf 88' lang='lat' dir='ltr'>habenda</span> 
     </span>
     <span class='ocr_line' id='line_1_21' title="bbox 350 2333 1534 2417; baseline 0 -21"><span class='ocrx_word' id='word_1_150' title='bbox 350 2334 436 2398; x_wconf 84' lang='lat' dir='ltr'>foret</span> <span class='ocrx_word' id='word_1_151' title='bbox 461 2335 590 2412; x_wconf 89' lang='lat' dir='ltr'>menti0,</span> <span class='ocrx_word' id='word_1_152' title='bbox 615 2340 734 2416; x_wconf 91' lang='lat' dir='ltr'>etque</span> <span class='ocrx_word' id='word_1_153' title='bbox 764 2334 872 2397; x_wconf 87' lang='lat' dir='ltr'>onmia</span> <span class='ocrx_word' id='word_1_154' title='bbox 897 2340 929 2396; x_wconf 91' lang='lat' dir='ltr'>et</span> <span class='ocrx_word' id='word_1_155' title='bbox 953 2334 1082 2415; x_wconf 83' lang='lat' dir='ltr'>srngula</span> <span class='ocrx_word' id='word_1_156' title='bbox 1114 2341 1276 2415; x_wconf 89' lang='lat' dir='ltr'>quatenus</span> <span class='ocrx_word' id='word_1_157' title='bbox 1309 2333 1439 2398; x_wconf 86' lang='lat' dir='ltr'>effectui</span> <span class='ocrx_word' id='word_1_158' title='bbox 1462 2355 1534 2417; x_wconf 91' lang='lat' dir='ltr'>pre·</span> 
     </span>
     <span class='ocr_line' id='line_1_22' title="bbox 351 2423 1535 2506; baseline 0 -20"><span class='ocrx_word' id='word_1_159' title='bbox 351 2425 491 2487; x_wconf 88' lang='lat' dir='ltr'>sentium</span> <span class='ocrx_word' id='word_1_160' title='bbox 517 2423 682 2486; x_wconf 89' lang='lat' dir='ltr'>adversari</span> <span class='ocrx_word' id='word_1_161' title='bbox 706 2423 839 2506; x_wconf 90' lang='lat' dir='ltr'>possint,</span> <span class='ocrx_word' id='word_1_162' title='bbox 869 2430 982 2486; x_wconf 90' lang='lat' dir='ltr'>tenore</span> <span class='ocrx_word' id='word_1_163' title='bbox 1005 2425 1205 2505; x_wconf 88' lang='lat' dir='ltr'>presentium</span> <span class='ocrx_word' id='word_1_164' title='bbox 1229 2424 1464 2505; x_wconf 87' lang='lat' dir='ltr'>suspendimus,</span> <span class='ocrx_word' id='word_1_165' title='bbox 1488 2425 1535 2486; x_wconf 89' lang='lat' dir='ltr'>eis</span> 
     </span>
     <span class='ocr_line' id='line_1_23' title="bbox 352 2512 1534 2595; baseline 0 -19"><span class='ocrx_word' id='word_1_166' title='bbox 352 2513 433 2577; x_wconf 90' lang='lat' dir='ltr'>alias</span> <span class='ocrx_word' id='word_1_167' title='bbox 458 2513 491 2575; x_wconf 90' lang='lat' dir='ltr'>in</span> <span class='ocrx_word' id='word_1_168' title='bbox 516 2534 573 2576; x_wconf 94' lang='lat' dir='ltr'>suo</span> <span class='ocrx_word' id='word_1_169' title='bbox 592 2513 686 2594; x_wconf 91' lang='lat' dir='ltr'>pleno</span> <span class='ocrx_word' id='word_1_170' title='bbox 718 2512 834 2576; x_wconf 90' lang='lat' dir='ltr'>robore</span> <span class='ocrx_word' id='word_1_171' title='bbox 866 2514 1104 2595; x_wconf 78' lang='lat' dir='ltr'>permansuris3</span> <span class='ocrx_word' id='word_1_172' title='bbox 1138 2513 1427 2578; x_wconf 88' lang='lat' dir='ltr'>constitutionibus</span> <span class='ocrx_word' id='word_1_173' title='bbox 1455 2535 1534 2594; x_wconf 93' lang='lat' dir='ltr'>quo-</span> 
     </span>
     <span class='ocr_line' id='line_1_24' title="bbox 351 2602 1535 2684; baseline 0 -18"><span class='ocrx_word' id='word_1_174' title='bbox 351 2625 413 2684; x_wconf 86' lang='lat' dir='ltr'>que</span> <span class='ocrx_word' id='word_1_175' title='bbox 437 2608 470 2665; x_wconf 89' lang='lat' dir='ltr'>et</span> <span class='ocrx_word' id='word_1_176' title='bbox 493 2602 756 2666; x_wconf 90' lang='lat' dir='ltr'>ordinationibus</span> <span class='ocrx_word' id='word_1_177' title='bbox 780 2602 973 2684; x_wconf 89' lang='lat' dir='ltr'>apostolicis,</span> <span class='ocrx_word' id='word_1_178' title='bbox 989 2622 1112 2666; x_wconf 89' lang='lat' dir='ltr'>necnon</span> <span class='ocrx_word' id='word_1_179' title='bbox 1138 2603 1346 2666; x_wconf 90' lang='lat' dir='ltr'>ecclesiarum</span> <span class='ocrx_word' id='word_1_180' title='bbox 1369 2625 1426 2667; x_wconf 88' lang='lat' dir='ltr'>seu</span> <span class='ocrx_word' id='word_1_181' title='bbox 1449 2603 1535 2668; x_wconf 89' lang='lat' dir='ltr'>loco-</span> 
     </span>
     <span class='ocr_line' id='line_1_25' title="bbox 350 2691 1536 2773; baseline 0 -17"><span class='ocrx_word' id='word_1_182' title='bbox 350 2715 433 2770; x_wconf 87' lang='lat' dir='ltr'>rum,</span> <span class='ocrx_word' id='word_1_183' title='bbox 466 2693 498 2754; x_wconf 91' lang='lat' dir='ltr'>in</span> <span class='ocrx_word' id='word_1_184' title='bbox 523 2691 642 2773; x_wconf 91' lang='lat' dir='ltr'>quibus</span> <span class='ocrx_word' id='word_1_185' title='bbox 674 2691 832 2756; x_wconf 88' lang='lat' dir='ltr'>beneficia</span> <span class='ocrx_word' id='word_1_186' title='bbox 864 2691 1049 2756; x_wconf 90' lang='lat' dir='ltr'>huiusmodi</span> <span class='ocrx_word' id='word_1_187' title='bbox 1081 2691 1192 2757; x_wconf 80' lang='lat' dir='ltr'>forsan</span> <span class='ocrx_word' id='word_1_188' title='bbox 1224 2692 1349 2756; x_wconf 83' lang='lat' dir='ltr'>luerint</span> <span class='ocrx_word' id='word_1_189' title='bbox 1382 2693 1536 2757; x_wconf 89' lang='lat' dir='ltr'>similiter</span> 
     </span>
     <span class='ocr_line' id='line_1_26' title="bbox 350 2781 1534 2864; baseline -0.001 -18"><span class='ocrx_word' id='word_1_190' title='bbox 350 2782 521 2860; x_wconf 78' lang='lat' dir='ltr'>roboratio,</span> <span class='ocrx_word' id='word_1_191' title='bbox 538 2781 681 2856; x_wconf 72' lang='lat' dir='ltr'>statutis</span> <span class='ocrx_word' id='word_1_192' title='bbox 698 2789 731 2844; x_wconf 92' lang='lat' dir='ltr'>et</span> <span class='ocrx_word' id='word_1_193' title='bbox 746 2781 1037 2846; x_wconf 91' lang='lat' dir='ltr'>consuetudinibus</span> <span class='ocrx_word' id='word_1_194' title='bbox 1060 2782 1242 2862; x_wconf 88' lang='lat' dir='ltr'>ceterisque</span> <span class='ocrx_word' id='word_1_195' title='bbox 1265 2783 1438 2846; x_wconf 89' lang='lat' dir='ltr'>contrariis</span> <span class='ocrx_word' id='word_1_196' title='bbox 1462 2783 1534 2864; x_wconf 90' lang='lat' dir='ltr'>qui·</span> 
     </span>
     <span class='ocr_line' id='line_1_27' title="bbox 350 2870 1535 2954; baseline 0 -18"><span class='ocrx_word' id='word_1_197' title='bbox 350 2873 549 2952; x_wconf 88' lang='lat' dir='ltr'>buscunque.</span> <span class='ocrx_word' id='word_1_198' title='bbox 580 2870 740 2936; x_wconf 87' lang='lat' dir='ltr'>Volumus</span> <span class='ocrx_word' id='word_1_199' title='bbox 778 2871 918 2953; x_wconf 87' lang='lat' dir='ltr'>insuper,</span> <span class='ocrx_word' id='word_1_200' title='bbox 954 2871 1039 2953; x_wconf 91' lang='lat' dir='ltr'>quod</span> <span class='ocrx_word' id='word_1_201' title='bbox 1072 2872 1198 2952; x_wconf 84' lang='lat' dir='ltr'>singule</span> <span class='ocrx_word' id='word_1_202' title='bbox 1231 2893 1374 2954; x_wconf 89' lang='lat' dir='ltr'>persone,</span> <span class='ocrx_word' id='word_1_203' title='bbox 1414 2873 1535 2954; x_wconf 90' lang='lat' dir='ltr'>quibus</span> 
     </span>
     <span class='ocr_line' id='line_1_28' title="bbox 350 2959 1534 3039; baseline -0.001 -14"><span class='ocrx_word' id='word_1_204' title='bbox 350 2961 545 3026; x_wconf 89' lang='lat' dir='ltr'>reservanda</span> <span class='ocrx_word' id='word_1_205' title='bbox 577 2959 733 3025; x_wconf 89' lang='lat' dir='ltr'>beneficia</span> <span class='ocrx_word' id='word_1_206' title='bbox 765 2960 951 3026; x_wconf 91' lang='lat' dir='ltr'>huiusmodi</span> <span class='ocrx_word' id='word_1_207' title='bbox 984 2961 1234 3039; x_wconf 67' lang='lat' dir='ltr'>commendabis</span> <span class='ocrx_word' id='word_1_208' title='bbox 1259 2961 1377 3026; x_wconf 91' lang='lat' dir='ltr'>debitis</span> <span class='ocrx_word' id='word_1_209' title='bbox 1402 2971 1435 3026; x_wconf 91' lang='lat' dir='ltr'>et</span> <span class='ocrx_word' id='word_1_210' title='bbox 1458 2982 1534 3026; x_wconf 89' lang='lat' dir='ltr'>oon-</span> 
     </span>
     <span class='ocr_line' id='line_1_29' title="bbox 351 3049 1534 3133; baseline -0.001 -19"><span class='ocrx_word' id='word_1_211' title='bbox 351 3051 451 3114; x_wconf 89' lang='lat' dir='ltr'>suetis</span> <span class='ocrx_word' id='word_1_212' title='bbox 475 3050 605 3114; x_wconf 90' lang='lat' dir='ltr'>illorum</span> <span class='ocrx_word' id='word_1_213' title='bbox 629 3052 830 3133; x_wconf 89' lang='lat' dir='ltr'>supportatis</span> <span class='ocrx_word' id='word_1_214' title='bbox 854 3049 1006 3114; x_wconf 90' lang='lat' dir='ltr'>oneribus</span> <span class='ocrx_word' id='word_1_215' title='bbox 1030 3050 1070 3113; x_wconf 90' lang='lat' dir='ltr'>de</span> <span class='ocrx_word' id='word_1_216' title='bbox 1092 3051 1231 3114; x_wconf 91' lang='lat' dir='ltr'>residuis</span> <span class='ocrx_word' id='word_1_217' title='bbox 1263 3051 1392 3114; x_wconf 90' lang='lat' dir='ltr'>illorum</span> <span class='ocrx_word' id='word_1_218' title='bbox 1416 3051 1534 3115; x_wconf 82' lang='lat' dir='ltr'>fructi-</span> 
     </span>
     <span class='ocr_line' id='line_1_30' title="bbox 351 3139 1534 3222; baseline 0 -18"><span class='ocrx_word' id='word_1_219' title='bbox 351 3141 421 3218; x_wconf 86' lang='lat' dir='ltr'>bus,</span> <span class='ocrx_word' id='word_1_220' title='bbox 445 3140 629 3204; x_wconf 89' lang='lat' dir='ltr'>redditibus</span> <span class='ocrx_word' id='word_1_221' title='bbox 650 3147 686 3204; x_wconf 85' lang='lat' dir='ltr'>et</span> <span class='ocrx_word' id='word_1_222' title='bbox 709 3139 921 3222; x_wconf 87' lang='lat' dir='ltr'>proventibus</span> <span class='ocrx_word' id='word_1_223' title='bbox 945 3140 1114 3222; x_wconf 90' lang='lat' dir='ltr'>disponere</span> <span class='ocrx_word' id='word_1_224' title='bbox 1138 3147 1170 3204; x_wconf 90' lang='lat' dir='ltr'>et</span> <span class='ocrx_word' id='word_1_225' title='bbox 1194 3140 1346 3204; x_wconf 91' lang='lat' dir='ltr'>ordinare</span> <span class='ocrx_word' id='word_1_226' title='bbox 1374 3141 1476 3204; x_wconf 88' lang='lat' dir='ltr'>libere</span> <span class='ocrx_word' id='word_1_227' title='bbox 1500 3148 1534 3204; x_wconf 88' lang='lat' dir='ltr'>et</span> 
     </span>
     <span class='ocr_line' id='line_1_31' title="bbox 349 3228 1533 3312; baseline 0.002 -20"><span class='ocrx_word' id='word_1_228' title='bbox 349 3231 440 3293; x_wconf 89' lang='lat' dir='ltr'>licite</span> <span class='ocrx_word' id='word_1_229' title='bbox 464 3232 601 3308; x_wconf 87' lang='lat' dir='ltr'>valeant,</span> <span class='ocrx_word' id='word_1_230' title='bbox 626 3231 723 3294; x_wconf 89' lang='lat' dir='ltr'>sicuti</span> <span class='ocrx_word' id='word_1_231' title='bbox 755 3230 812 3309; x_wconf 90' lang='lat' dir='ltr'>illi,</span> <span class='ocrx_word' id='word_1_232' title='bbox 846 3231 903 3311; x_wconf 90' lang='lat' dir='ltr'>qui</span> <span class='ocrx_word' id='word_1_233' title='bbox 936 3228 1093 3294; x_wconf 87' lang='lat' dir='ltr'>beneficia</span> <span class='ocrx_word' id='word_1_234' title='bbox 1124 3230 1194 3312; x_wconf 90' lang='lat' dir='ltr'>ipsa</span> <span class='ocrx_word' id='word_1_235' title='bbox 1227 3230 1451 3294; x_wconf 88' lang='lat' dir='ltr'>commendata</span> <span class='ocrx_word' id='word_1_236' title='bbox 1474 3252 1533 3312; x_wconf 86' lang='lat' dir='ltr'>pro</span> 
     </span>
     <span class='ocr_line' id='line_1_32' title="bbox 351 3319 1534 3402; baseline 0 -20"><span class='ocrx_word' id='word_1_237' title='bbox 351 3329 495 3401; x_wconf 89' lang='lat' dir='ltr'>tempore</span> <span class='ocrx_word' id='word_1_238' title='bbox 528 3320 744 3383; x_wconf 89' lang='lat' dir='ltr'>obtinuerunt</span> <span class='ocrx_word' id='word_1_239' title='bbox 768 3320 807 3384; x_wconf 91' lang='lat' dir='ltr'>de</span> <span class='ocrx_word' id='word_1_240' title='bbox 831 3320 895 3383; x_wconf 91' lang='lat' dir='ltr'>illis</span> <span class='ocrx_word' id='word_1_241' title='bbox 920 3319 1089 3401; x_wconf 89' lang='lat' dir='ltr'>disponere</span> <span class='ocrx_word' id='word_1_242' title='bbox 1113 3327 1146 3382; x_wconf 89' lang='lat' dir='ltr'>et</span> <span class='ocrx_word' id='word_1_243' title='bbox 1170 3319 1320 3382; x_wconf 90' lang='lat' dir='ltr'>ordinare</span> <span class='ocrx_word' id='word_1_244' title='bbox 1344 3327 1534 3402; x_wconf 86' lang='lat' dir='ltr'>potuerunt,</span> 
     </span>
     <span class='ocr_line' id='line_1_33' title="bbox 350 3409 1534 3489; baseline -0.001 -16"><span class='ocrx_word' id='word_1_245' title='bbox 350 3431 406 3474; x_wconf 90' lang='lat' dir='ltr'>seu</span> <span class='ocrx_word' id='word_1_246' title='bbox 431 3409 529 3472; x_wconf 89' lang='lat' dir='ltr'>etiam</span> <span class='ocrx_word' id='word_1_247' title='bbox 553 3409 747 3487; x_wconf 89' lang='lat' dir='ltr'>debuerunt,</span> <span class='ocrx_word' id='word_1_248' title='bbox 781 3410 977 3474; x_wconf 88' lang='lat' dir='ltr'>alienatione</span> <span class='ocrx_word' id='word_1_249' title='bbox 1009 3416 1118 3472; x_wconf 91' lang='lat' dir='ltr'>tamen</span> <span class='ocrx_word' id='word_1_250' title='bbox 1143 3430 1409 3489; x_wconf 87' lang='lat' dir='ltr'>quorumcunque</span> <span class='ocrx_word' id='word_1_251' title='bbox 1433 3409 1534 3472; x_wconf 93' lang='lat' dir='ltr'>bono-</span> 
     </span>
     <span class='ocr_line' id='line_1_34' title="bbox 350 3497 1533 3580; baseline -0.003 -18"><span class='ocrx_word' id='word_1_252' title='bbox 350 3521 422 3562; x_wconf 92' lang='lat' dir='ltr'>rum</span> <span class='ocrx_word' id='word_1_253' title='bbox 447 3499 662 3563; x_wconf 92' lang='lat' dir='ltr'>immobilium</span> <span class='ocrx_word' id='word_1_254' title='bbox 686 3506 719 3562; x_wconf 92' lang='lat' dir='ltr'>et</span> <span class='ocrx_word' id='word_1_255' title='bbox 742 3499 957 3580; x_wconf 91' lang='lat' dir='ltr'>pretiosorum</span> <span class='ocrx_word' id='word_1_256' title='bbox 992 3498 1159 3562; x_wconf 92' lang='lat' dir='ltr'>mobilium</span> <span class='ocrx_word' id='word_1_257' title='bbox 1193 3497 1422 3562; x_wconf 87' lang='lat' dir='ltr'>beneficiorum</span> <span class='ocrx_word' id='word_1_258' title='bbox 1447 3520 1533 3562; x_wconf 91' lang='lat' dir='ltr'>com-</span> 
     </span>
     <span class='ocr_line' id='line_1_35' title="bbox 350 3587 1531 3670; baseline -0.002 -18"><span class='ocrx_word' id='word_1_259' title='bbox 350 3588 577 3652; x_wconf 89' lang='lat' dir='ltr'>mendatorum</span> <span class='ocrx_word' id='word_1_260' title='bbox 611 3587 796 3652; x_wconf 89' lang='lat' dir='ltr'>eorumdem</span> <span class='ocrx_word' id='word_1_261' title='bbox 830 3589 875 3651; x_wconf 91' lang='lat' dir='ltr'>eis</span> <span class='ocrx_word' id='word_1_262' title='bbox 907 3587 1037 3670; x_wconf 90' lang='lat' dir='ltr'>penitus</span> <span class='ocrx_word' id='word_1_263' title='bbox 1069 3587 1255 3666; x_wconf 87' lang='lat' dir='ltr'>interdicta,</span> <span class='ocrx_word' id='word_1_264' title='bbox 1288 3588 1440 3669; x_wconf 89' lang='lat' dir='ltr'>quodque</span> <span class='ocrx_word' id='word_1_265' title='bbox 1463 3596 1531 3652; x_wconf 90' lang='lat' dir='ltr'>tam</span> 
     </span>
     <span class='ocr_line' id='line_1_36' title="bbox 351 3676 1533 3761; baseline -0.002 -19"><span class='ocrx_word' id='word_1_266' title='bbox 351 3679 421 3760; x_wconf 90' lang='lat' dir='ltr'>ipsi,</span> <span class='ocrx_word' id='word_1_267' title='bbox 447 3699 544 3759; x_wconf 88' lang='lat' dir='ltr'>quam</span> <span class='ocrx_word' id='word_1_268' title='bbox 568 3678 634 3757; x_wconf 91' lang='lat' dir='ltr'>alii,</span> <span class='ocrx_word' id='word_1_269' title='bbox 660 3678 779 3761; x_wconf 90' lang='lat' dir='ltr'>quibus</span> <span class='ocrx_word' id='word_1_270' title='bbox 802 3676 959 3742; x_wconf 87' lang='lat' dir='ltr'>beneficia</span> <span class='ocrx_word' id='word_1_271' title='bbox 982 3683 1147 3741; x_wconf 89' lang='lat' dir='ltr'>reservata</span> <span class='ocrx_word' id='word_1_272' title='bbox 1167 3677 1351 3756; x_wconf 88' lang='lat' dir='ltr'>contuleris,</span> <span class='ocrx_word' id='word_1_273' title='bbox 1366 3679 1533 3760; x_wconf 91' lang='lat' dir='ltr'>quampri-</span> 
     </span>
     <span class='ocr_line' id='line_1_37' title="bbox 351 3767 1531 3850; baseline 0 -20"><span class='ocrx_word' id='word_1_274' title='bbox 351 3791 438 3831; x_wconf 90' lang='lat' dir='ltr'>mum</span> <span class='ocrx_word' id='word_1_275' title='bbox 464 3769 692 3850; x_wconf 91' lang='lat' dir='ltr'>possessionem</span> <span class='ocrx_word' id='word_1_276' title='bbox 717 3767 846 3831; x_wconf 88' lang='lat' dir='ltr'>illorum</span> <span class='ocrx_word' id='word_1_277' title='bbox 872 3767 995 3830; x_wconf 85' lang='lat' dir='ltr'>fuerint</span> <span class='ocrx_word' id='word_1_278' title='bbox 1019 3767 1127 3848; x_wconf 86' lang='lat' dir='ltr'>vigore</span> <span class='ocrx_word' id='word_1_279' title='bbox 1159 3769 1359 3848; x_wconf 90' lang='lat' dir='ltr'>presentium</span> <span class='ocrx_word' id='word_1_280' title='bbox 1384 3767 1531 3845; x_wconf 89' lang='lat' dir='ltr'>assecuti,</span> 
     </span>
     <span class='ocr_line' id='line_1_38' title="bbox 350 3856 1532 3938; baseline -0.001 -18"><span class='ocrx_word' id='word_1_281' title='bbox 350 3858 389 3921; x_wconf 92' lang='lat' dir='ltr'>de</span> <span class='ocrx_word' id='word_1_282' title='bbox 422 3858 607 3922; x_wconf 88' lang='lat' dir='ltr'>nominibus</span> <span class='ocrx_word' id='word_1_283' title='bbox 640 3863 673 3920; x_wconf 93' lang='lat' dir='ltr'>et</span> <span class='ocrx_word' id='word_1_284' title='bbox 706 3857 951 3938; x_wconf 80' lang='lat' dir='ltr'>cognominibus</span> <span class='ocrx_word' id='word_1_285' title='bbox 984 3876 1195 3938; x_wconf 87' lang='lat' dir='ltr'>personarum</span> <span class='ocrx_word' id='word_1_286' title='bbox 1228 3863 1261 3920; x_wconf 92' lang='lat' dir='ltr'>et</span> <span class='ocrx_word' id='word_1_287' title='bbox 1293 3856 1532 3936; x_wconf 88' lang='lat' dir='ltr'>beneficiorum,</span> 
     </span>
     <span class='ocr_line' id='line_1_39' title="bbox 350 3945 1531 4028; baseline 0 -18"><span class='ocrx_word' id='word_1_288' title='bbox 350 3968 473 4010; x_wconf 90' lang='lat' dir='ltr'>necnon</span> <span class='ocrx_word' id='word_1_289' title='bbox 498 3948 537 4010; x_wconf 91' lang='lat' dir='ltr'>de</span> <span class='ocrx_word' id='word_1_290' title='bbox 562 3947 676 4011; x_wconf 91' lang='lat' dir='ltr'>diebus</span> <span class='ocrx_word' id='word_1_291' title='bbox 709 3946 918 4010; x_wconf 88' lang='lat' dir='ltr'>collationum</span> <span class='ocrx_word' id='word_1_292' title='bbox 949 3945 1137 4024; x_wconf 49' lang='lat' dir='ltr'>¹huiusmodi</span> <span class='ocrx_word' id='word_1_293' title='bbox 1171 3953 1281 4028; x_wconf 83' lang='lat' dir='ltr'>gentes</span> <span class='ocrx_word' id='word_1_294' title='bbox 1307 3967 1432 4012; x_wconf 74' lang='lat' dir='ltr'>cautere</span> <span class='ocrx_word' id='word_1_295' title='bbox 1457 3969 1531 4028; x_wconf 91' lang='lat' dir='ltr'>apo-</span> 
     </span>
     <span class='ocr_line' id='line_1_40' title="bbox 348 4036 1531 4118; baseline -0.002 -18"><span class='ocrx_word' id='word_1_296' title='bbox 348 4037 461 4100; x_wconf 89' lang='lat' dir='ltr'>stolice</span> <span class='ocrx_word' id='word_1_297' title='bbox 494 4043 552 4100; x_wconf 88' lang='lat' dir='ltr'>aut</span> <span class='ocrx_word' id='word_1_298' title='bbox 585 4037 788 4100; x_wconf 91' lang='lat' dir='ltr'>collectorem</span> <span class='ocrx_word' id='word_1_299' title='bbox 823 4037 871 4098; x_wconf 88' lang='lat' dir='ltr'>vel</span> <span class='ocrx_word' id='word_1_300' title='bbox 905 4036 1171 4100; x_wconf 89' lang='lat' dir='ltr'>subcollectorem</span> <span class='ocrx_word' id='word_1_301' title='bbox 1204 4037 1372 4100; x_wconf 81' lang='lat' dir='ltr'>fructuum</span> <span class='ocrx_word' id='word_1_302' title='bbox 1398 4045 1430 4100; x_wconf 92' lang='lat' dir='ltr'>et</span> <span class='ocrx_word' id='word_1_303' title='bbox 1457 4058 1531 4118; x_wconf 92' lang='lat' dir='ltr'>pro-</span> 
     </span>
     <span class='ocr_line' id='line_1_41' title="bbox 350 4125 1533 4207; baseline 0 -19"><span class='ocrx_word' id='word_1_304' title='bbox 350 4134 505 4196; x_wconf 87' lang='lat' dir='ltr'>ventuum</span> <span class='ocrx_word' id='word_1_305' title='bbox 531 4126 634 4190; x_wconf 90' lang='lat' dir='ltr'>cidem</span> <span class='ocrx_word' id='word_1_306' title='bbox 659 4147 784 4190; x_wconf 91' lang='lat' dir='ltr'>camere</span> <span class='ocrx_word' id='word_1_307' title='bbox 809 4125 1004 4204; x_wconf 91' lang='lat' dir='ltr'>debitorum,</span> <span class='ocrx_word' id='word_1_308' title='bbox 1028 4125 1061 4188; x_wconf 91' lang='lat' dir='ltr'>in</span> <span class='ocrx_word' id='word_1_309' title='bbox 1079 4126 1142 4190; x_wconf 88' lang='lat' dir='ltr'>illis</span> <span class='ocrx_word' id='word_1_310' title='bbox 1158 4126 1308 4207; x_wconf 91' lang='lat' dir='ltr'>partibus</span> <span class='ocrx_word' id='word_1_311' title='bbox 1328 4127 1533 4207; x_wconf 88' lang='lat' dir='ltr'>deputatum,</span> 
     </span>
     <span class='ocr_line' id='line_1_42' title="bbox 349 4215 1531 4298; baseline 0 -21"><span class='ocrx_word' id='word_1_312' title='bbox 349 4237 407 4297; x_wconf 91' lang='lat' dir='ltr'>pro</span> <span class='ocrx_word' id='word_1_313' title='bbox 432 4224 576 4296; x_wconf 88' lang='lat' dir='ltr'>tempore</span> <span class='ocrx_word' id='word_1_314' title='bbox 602 4217 795 4297; x_wconf 91' lang='lat' dir='ltr'>quantocius</span> <span class='ocrx_word' id='word_1_315' title='bbox 819 4215 1000 4278; x_wconf 88' lang='lat' dir='ltr'>certificare</span> <span class='ocrx_word' id='word_1_316' title='bbox 1023 4235 1185 4298; x_wconf 89' lang='lat' dir='ltr'>procures.</span> <span class='ocrx_word' id='word_1_317' title='bbox 1219 4216 1265 4278; x_wconf 81' lang='lat' dir='ltr'>Et</span> <span class='ocrx_word' id='word_1_318' title='bbox 1289 4221 1326 4278; x_wconf 93' lang='lat' dir='ltr'>ut</span> <span class='ocrx_word' id='word_1_319' title='bbox 1350 4215 1435 4279; x_wconf 90' lang='lat' dir='ltr'>dicte</span> <span class='ocrx_word' id='word_1_320' title='bbox 1459 4236 1531 4296; x_wconf 89' lang='lat' dir='ltr'>per-</span> 
     </span>
     <span class='ocr_line' id='line_1_43' title="bbox 350 4303 1532 4388; baseline -0.003 -19"><span class='ocrx_word' id='word_1_321' title='bbox 350 4325 425 4369; x_wconf 93' lang='lat' dir='ltr'>sone</span> <span class='ocrx_word' id='word_1_322' title='bbox 450 4305 653 4384; x_wconf 89' lang='lat' dir='ltr'>nominande,</span> <span class='ocrx_word' id='word_1_323' title='bbox 677 4311 850 4388; x_wconf 89' lang='lat' dir='ltr'>postquam</span> <span class='ocrx_word' id='word_1_324' title='bbox 875 4306 983 4387; x_wconf 83' lang='lat' dir='ltr'>vigore</span> <span class='ocrx_word' id='word_1_325' title='bbox 1008 4305 1238 4369; x_wconf 90' lang='lat' dir='ltr'>nominationis</span> <span class='ocrx_word' id='word_1_326' title='bbox 1264 4303 1449 4368; x_wconf 91' lang='lat' dir='ltr'>huiusmodi</span> <span class='ocrx_word' id='word_1_327' title='bbox 1472 4305 1532 4367; x_wconf 90' lang='lat' dir='ltr'>ali-</span> 
     </span>
     <span class='ocr_line' id='line_1_44' title="bbox 349 4393 1530 4477; baseline -0.002 -19"><span class='ocrx_word' id='word_1_328' title='bbox 349 4396 441 4459; x_wconf 91' lang='lat' dir='ltr'>cuius</span> <span class='ocrx_word' id='word_1_329' title='bbox 459 4393 614 4474; x_wconf 89' lang='lat' dir='ltr'>beneficii,</span> <span class='ocrx_word' id='word_1_330' title='bbox 639 4396 678 4458; x_wconf 88' lang='lat' dir='ltr'>de</span> <span class='ocrx_word' id='word_1_331' title='bbox 702 4395 793 4458; x_wconf 90' lang='lat' dir='ltr'>cuius</span> <span class='ocrx_word' id='word_1_332' title='bbox 818 4395 981 4459; x_wconf 85' lang='lat' dir='ltr'>fructibus</span> <span class='ocrx_word' id='word_1_333' title='bbox 1005 4402 1038 4458; x_wconf 90' lang='lat' dir='ltr'>et</span> <span class='ocrx_word' id='word_1_334' title='bbox 1061 4395 1280 4477; x_wconf 89' lang='lat' dir='ltr'>proventibus,</span> <span class='ocrx_word' id='word_1_335' title='bbox 1305 4394 1332 4458; x_wconf 92' lang='lat' dir='ltr'>si</span> <span class='ocrx_word' id='word_1_336' title='bbox 1356 4395 1395 4457; x_wconf 94' lang='lat' dir='ltr'>de</span> <span class='ocrx_word' id='word_1_337' title='bbox 1419 4394 1530 4458; x_wconf 89' lang='lat' dir='ltr'>eodem</span> 
     </span>
     <span class='ocr_line' id='line_1_45' title="bbox 349 4482 1529 4567; baseline 0.001 -19"><span class='ocrx_word' id='word_1_338' title='bbox 349 4482 513 4558; x_wconf 89' lang='lat' dir='ltr'>beneficio</span> <span class='ocrx_word' id='word_1_339' title='bbox 528 4484 647 4547; x_wconf 91' lang='lat' dir='ltr'>eisdem</span> <span class='ocrx_word' id='word_1_340' title='bbox 671 4485 816 4566; x_wconf 90' lang='lat' dir='ltr'>personis</span> <span class='ocrx_word' id='word_1_341' title='bbox 840 4483 921 4548; x_wconf 90' lang='lat' dir='ltr'>alias</span> <span class='ocrx_word' id='word_1_342' title='bbox 944 4507 1001 4567; x_wconf 89' lang='lat' dir='ltr'>per</span> <span class='ocrx_word' id='word_1_343' title='bbox 1024 4485 1204 4566; x_wconf 88' lang='lat' dir='ltr'>predictam</span> <span class='ocrx_word' id='word_1_344' title='bbox 1229 4484 1336 4546; x_wconf 88' lang='lat' dir='ltr'>sedem</span> <span class='ocrx_word' id='word_1_345' title='bbox 1365 4485 1529 4567; x_wconf 83' lang='lat' dir='ltr'>provisum</span> 
     </span>
     <span class='ocr_line' id='line_1_46' title="bbox 350 4573 1532 4654; baseline -0.002 -16"><span class='ocrx_word' id='word_1_346' title='bbox 350 4575 471 4652; x_wconf 83' lang='lat' dir='ltr'>fuisset,</span> <span class='ocrx_word' id='word_1_347' title='bbox 497 4581 619 4637; x_wconf 87' lang='lat' dir='ltr'>annata</span> <span class='ocrx_word' id='word_1_348' title='bbox 636 4575 731 4638; x_wconf 90' lang='lat' dir='ltr'>solita</span> <span class='ocrx_word' id='word_1_349' title='bbox 747 4581 779 4638; x_wconf 89' lang='lat' dir='ltr'>et</span> <span class='ocrx_word' id='word_1_350' title='bbox 797 4580 951 4637; x_wconf 89' lang='lat' dir='ltr'>consueta</span> <span class='ocrx_word' id='word_1_351' title='bbox 974 4594 1100 4636; x_wconf 90' lang='lat' dir='ltr'>camere</span> <span class='ocrx_word' id='word_1_352' title='bbox 1124 4573 1250 4654; x_wconf 86' lang='lat' dir='ltr'>prefate</span> <span class='ocrx_word' id='word_1_353' title='bbox 1271 4574 1350 4637; x_wconf 90' lang='lat' dir='ltr'>solvi</span> <span class='ocrx_word' id='word_1_354' title='bbox 1366 4574 1532 4638; x_wconf 87' lang='lat' dir='ltr'>debuisset</span> 
     </span>
    </p>
   </div>
   <div class='ocr_carea' id='block_1_3' title="bbox 0 0 1732 5492">
    <p class='ocr_par' dir='ltr' id='par_1_3' title="bbox 0 0 1732 5492">
     <span class='ocr_line' id='line_1_47' title="bbox 0 0 1732 5492; baseline 0 1"><span class='ocrx_word' id='word_1_355' title='bbox 0 0 1732 5492; x_wconf 95' lang='lat' dir='ltr'> </span> 
     </span>
    </p>
   </div>
  </div>
 </body>
</html>
