3454 5492
419 421 438 458 1
461 420 583 459 11101111
606 420 666 458 xvc.
690 419 820 458 1110111111
843 418 897 458 uos
921 406 1148 458 ronrtunrtnnz.
1336 397 1376 456 47

195 600 228 657 et
252 593 324 657 illas
357 595 392 657 in
426 592 656 658 beneficiorum
690 593 981 656 ecclesiasticorum
1014 593 1214 656 assecutione
1248 593 1379 675 speciali

194 683 315 747 favoris
346 683 554 765 prerogativa
587 683 721 761 munire,
755 689 792 745 ut
817 690 929 746 nostra
961 683 995 745 in
1028 704 1101 746 suos
1133 683 1316 746 liberalitas
1340 703 1379 746 ex

194 794 306 837 eorum
338 773 429 854 regia
462 771 632 836 devotione
655 773 845 853 proveniens
870 793 908 836 ac
931 773 1179 856 obsequentium
1205 772 1379 836 eorundem

195 862 275 926 fides
300 864 427 926 cunctis
451 862 578 944 plenius
602 862 794 940 innotescat,
818 868 851 925 et
871 862 927 925 alii
945 863 1021 925 inde
1038 863 1184 944 exempla
1208 870 1379 939 sumentes

196 951 237 1016 ad
276 952 396 1016 similia
429 951 610 1033 promptius
645 951 845 1029 invitentur3
884 951 945 1015 hac
983 952 1087 1034 igitur
1123 952 1379 1015 consideratione

196 1043 333 1120 inducti,
357 1047 449 1105 motu
480 1041 619 1123 propri0,
639 1061 704 1103 non
728 1041 771 1103 ad
794 1041 896 1122 ipsius
919 1041 1005 1122 regis
1029 1047 1062 1104 01
1085 1042 1197 1123 regine
1222 1043 1271 1104 vel
1300 1043 1380 1104 alte-

196 1133 265 1195 rius
288 1153 346 1212 pro
371 1131 416 1195 eis
440 1131 532 1195 nobis
557 1151 653 1211 super
676 1130 736 1193 hoc
761 1131 870 1195 oblate
893 1131 1062 1212 petitionis
1090 1131 1291 1210 instantiam,
1324 1131 1380 1194 sed

195 1221 235 1284 de
260 1228 372 1284 nostra
395 1241 484 1284 mera
508 1221 707 1284 liberalitate
732 1228 765 1283 et
790 1241 829 1283 ex
852 1228 965 1285 nostra
989 1227 1079 1284 certa
1102 1221 1248 1299 scientia,
1262 1221 1380 1284 frater·

196 1311 295 1374 nitati
312 1315 368 1374 tue
391 1331 448 1393 per
474 1317 505 1373 te
527 1310 576 1372 vel
600 1310 709 1387 alium,
733 1330 789 1373 seu
814 1311 894 1374 alios
917 1332 976 1393 pro
1000 1312 1137 1392 singulis
1160 1311 1381 1392 quadraginta

196 1401 340 1483 personis
373 1399 598 1463 ecclesiasticis
631 1399 831 1463 secularibus
865 1406 897 1464 et
931 1401 1083 1464 ordinum
1112 1421 1380 1482 quorumcunque

195 1491 296 1554 etiam
328 1489 584 1552 mendicantium
608 1488 825 1570 regularibus,
849 1491 883 1552 in
907 1491 1030 1572 capella
1063 1490 1206 1572 ipsorum
1238 1491 1325 1572 regis
1349 1495 1381 1552 et

196 1580 309 1660 regine
333 1579 508 1643 actualiter
532 1577 799 1658 deservientibus,
817 1601 898 1661 quas
922 1601 980 1643 rex
1004 1587 1036 1643 et
1061 1579 1175 1661 regina
1198 1579 1259 1662 ipsi
1286 1580 1381 1644 simul

198 1669 247 1732 vel
271 1669 447 1734 successive
472 1668 626 1733 duxerint
652 1669 875 1747 nominandas,
900 1676 932 1732 et
957 1669 1104 1752 qualibet
1133 1691 1245 1734 earum
1271 1692 1381 1747 unum,

197 1759 271 1838 duo,
295 1759 360 1822 tria
385 1765 417 1822 et
441 1759 537 1842 plura
553 1757 710 1822 beneficia
727 1759 952 1839 ecclesiastica,
972 1781 1046 1822 cum
1066 1779 1145 1823 cura
1161 1765 1194 1823 01
1210 1760 1279 1823 sine
1294 1779 1382 1832 cura,

196 1848 357 1912 secularia
382 1855 414 1912 et
439 1849 626 1930 quorumvis
658 1847 810 1911 ordinum
844 1849 1017 1929 regularia.
1050 1849 1084 1912 in
1108 1849 1187 1912 locis
1210 1849 1381 1931 temporali

197 1937 341 2002 dominio
358 1939 520 2002 dictorum
544 1939 629 2020 regis
652 1947 686 2000 et
710 1938 820 2019 regine
844 1939 999 2002 subiectis
1019 1939 1237 2018 consistentia,
1255 1939 1381 2002 etiamsi

198 2027 367 2107 secularia,
401 2027 588 2110 dignitates,
620 2033 821 2109 personatus,
854 2028 1152 2092 administrationes
1184 2029 1232 2091 101
1265 2027 1382 2102 officia,

197 2117 410 2182 canonicatus
433 2123 466 2180 et
489 2117 653 2199 prebende
677 2119 711 2180 in
736 2117 978 2182 cathedralibus
1004 2118 1104 2182 etiam
1123 2119 1382 2200 metropolitanis

197 2207 247 2270 vel
271 2207 451 2288 collegiatis
474 2207 625 2286 ecclesiis,
659 2213 692 2270 et
716 2205 896 2288 dignitates
920 2208 986 2289 ipse
1013 2207 1257 2272 cathedralibus
1284 2209 1381 2272 etiam

197 2297 457 2378 metropolitanis
480 2303 553 2379 post
576 2295 779 2377 pontificales
802 2298 940 2360 maiores
964 2318 1021 2361 seu
1045 2297 1224 2379 collegiatis
1241 2297 1382 2361 ecclesiis

198 2386 385 2450 huiusmodi
417 2387 621 2468 principales,
655 2385 820 2468 regularia
853 2407 927 2449 vero
960 2387 1135 2470 prioratus,
1168 2387 1382 2470 prepositure,

198 2481 258 2538 aut
290 2477 510 2558 prepositatus
535 2481 568 2540 et
591 2474 789 2541 monasteria
813 2481 846 2538 et
870 2482 938 2540 tam
963 2477 1123 2540 secularia
1156 2499 1255 2560 quam
1288 2498 1383 2560 regu·

196 2565 280 2628 laria
313 2565 478 2645 beneficia,
517 2565 702 2628 huiusmodi
740 2565 944 2647 dispositioni
983 2567 1157 2648 apostolice
1197 2587 1236 2630 ex
1270 2568 1383 2649 quavis

197 2675 305 2735 causa,
324 2665 435 2738 preter
455 2677 554 2738 quam
577 2654 705 2719 ratione
730 2655 910 2720 vacationis
934 2677 1045 2720 eorum
1069 2657 1156 2738 apud
1181 2657 1288 2720 sedem
1311 2678 1384 2738 pre-

197 2743 309 2823 fatam,
334 2745 383 2808 vel
416 2745 654 2810 familiaritatis
678 2752 711 2808 et
735 2746 889 2810 continue
922 2747 1211 2810 commensalitatis
1246 2746 1384 2809 alicuius

197 2842 310 2898 sancte
342 2836 490 2899 Romane
522 2835 653 2898 ecclesie
686 2835 862 2898 cardinalis
895 2841 974 2898 tunc
1002 2836 1148 2914 viventis,
1188 2835 1384 2918 generaliter

198 2931 371 3005 reservata,
382 2925 481 2988 velex
494 2924 672 3006 apostolica
686 2925 830 3006 generali
847 2927 1065 2990 reservatione
1081 2925 1199 2988 affecta
1210 2924 1340 3003 luerint,
1351 2931 1384 2987 et

199 3014 242 3078 ad
267 3013 454 3095 dignitates,
477 3021 678 3096 personatus
703 3014 1002 3079 administrationes
1018 3021 1051 3078 01
1067 3014 1174 3078 officia
1199 3015 1383 3079 huiusmodi

198 3105 427 3168 consueverint
459 3105 515 3186 qui
540 3125 597 3186 per
623 3103 812 3167 electionem
836 3105 956 3168 assumi
981 3106 1090 3186 eisque
1115 3125 1193 3168 cura
1216 3105 1385 3168 immineat
1451 3111 1455 3122 '

199 3192 391 3272 animarum,
409 3215 548 3276 quorum
567 3201 676 3257 tamen
693 3193 897 3275 singulorum
920 3193 1058 3273 fructus,
1082 3194 1231 3258 redditus
1256 3201 1288 3258 et
1311 3217 1384 3277 pro-

199 3289 315 3346 ventus
339 3290 471 3347 centum
494 3282 690 3347 florenorum
714 3285 788 3346 auri
812 3284 850 3346 de
875 3304 1003 3348 camera
1032 3285 1210 3348 secundum
1243 3305 1385 3348 commu—

199 3393 273 3435 nem
298 3373 542 3436 extimationem
566 3373 707 3437 valorem
741 3395 888 3436 annuum
920 3395 985 3438 non
1020 3374 1186 3453 excedant,
1212 3373 1385 3438 dummodo

199 3463 375 3544 prioratus,
407 3463 620 3545 prepositure,
652 3463 874 3546 prepositatus
909 3471 941 3527 et
974 3463 1172 3528 monasteria
1199 3463 1385 3528 huiusmodi

181 3553 429 3616 ‚conventualis
452 3574 516 3616 nou
541 3554 692 3632 existant,
710 3558 743 3616 et
767 3553 898 3616 illorum
922 3555 1068 3617 omnium
1090 3554 1223 3617 insimul
1241 3555 1385 3636 quinque

200 3641 339 3704 millium
362 3649 395 3706 et
427 3643 601 3706 cuiuslibet
634 3643 823 3706 monasterii
856 3643 1043 3706 huiusmodi
1077 3643 1212 3722 fructus,
1236 3643 1386 3706 redditus

200 3736 234 3794 01
258 3738 433 3813 proventus
458 3733 674 3796 ducentorum
698 3732 894 3796 florenorum
918 3733 1073 3796 similium
1101 3733 1280 3798 secundum
1304 3735 1386 3796 exti-

200 3823 376 3885 mationem
399 3822 581 3904 predictam
598 3823 740 3886 velorem
764 3844 910 3886 annuum
934 3843 999 3886 non
1023 3823 1190 3902 excedant,
1214 3823 1256 3886 ad
1280 3825 1386 3886 cuius-

199 3932 329 3993 cunque
353 3932 409 3974 seu
434 3932 705 3994 quarumcunque
737 3933 948 3994 personarum
982 3911 1273 3975 ecclesiasticarum
1298 3935 1384 3977 secu-

200 4001 320 4064 larium
344 4002 393 4064 vel
426 4002 637 4084 regularium,
671 4002 772 4065 etiam
796 4003 830 4065 in
854 4000 1024 4080 abbatiali,
1057 4002 1239 4084 episcopali,
1263 4004 1387 4067 archie-

200 4091 356 4172 piscopali
395 4098 454 4154 aut
492 4091 607 4154 maiori
646 4093 695 4154 vel
737 4090 883 4155 inferiori
927 4091 1089 4172 dignitate
1122 4093 1386 4163 constitutarum,

200 4180 428 4262 capitulorum,
453 4181 662 4263 collegiorum
687 4187 719 4244 et
743 4187 961 4244 conventuum
993 4181 1133 4245 ubilibet
1166 4183 1387 4261 existentium,

200 4270 416 4350 collationem,
440 4271 663 4352 provisionem,
687 4272 972 4352 presentationem,
997 4271 1187 4334 electionem
1201 4293 1257 4336 seu
1275 4295 1387 4354 quam-

201 4359 249 4423 vis
282 4361 381 4425 aliam
414 4361 657 4443 dispositionem
691 4361 907 4424 communiter
938 4361 987 4422 101
1020 4361 1148 4425 divisim
1179 4363 1387 4443 pertinentia,

201 4449 376 4515 dummodo
401 4473 467 4514 una
491 4457 522 4513 et
548 4450 659 4514 eadem
684 4451 813 4513 collatio
838 4450 1049 4532 ultraquam
1074 4452 1107 4514 in
1132 4452 1258 4516 duobus
1292 4453 1386 4516 bene-

200 4538 283 4602 ficiis
310 4540 534 4606 ecclesiasticis
558 4540 762 4622 dispositioni
786 4540 960 4623 apostolice
986 4542 1183 4622 generaliter
1206 4563 1388 4605 1101110001-
