3472 5494
311 413 379 472 274
810 418 998 471 0111111010

309 627 384 668 011111
407 605 503 686 plena
527 604 714 668 obedientia
736 623 764 667 a.
789 603 826 666 P.
850 602 1046 666 Provinciali
1072 601 1270 666 Austriacae
1294 602 1495 681 Provinciae,

308 696 361 758 cui
386 693 530 760 Societas
560 693 724 776 Ungariae
748 693 956 776 incorporata
981 700 1037 758 est.

418 805 468 864 35.
494 802 540 864 m
564 800 696 882 quidem
720 801 887 882 regulares
910 799 972 864 hac
996 800 1123 864 ratione
1147 806 1259 881 agunt,
1283 799 1317 862 iu
1342 798 1495 879 Γ1110110111-

309 891 404 955 vania
436 891 598 970 laborant,
629 889 785 953 nimirum
816 890 864 952 ita
896 910 955 971 pro
979 891 1084 954 salute
1116 889 1309 968 animarum,
1338 895 1376 953 ut
1400 910 1495 952 suum

308 980 468 1044 influxum
488 986 615 1044 servato
639 979 724 1043 bono
747 979 860 1042 ordine
884 979 1047 1062 accipiant
1066 1002 1085 1044 a
1102 979 1168 1043 suis
1192 977 1414 1062 superioribus
1439 978 1496 1060 qui

308 1071 341 1134 in
377 1070 524 1152 Ungaria
557 1075 737 1132 morantur.
771 1067 840 1132 Our
875 1090 950 1150 ergo
973 1069 1123 1152 primarii
1147 1068 1230 1132 sacri
1254 1068 1379 1131 ordinis
1402 1067 1494 1131 cleri-

308 1160 387 1224 calis
411 1159 603 1238 sacerdotes.
626 1158 836 1242 primogeniti
859 1157 919 1220 filii
943 1160 1048 1222 sancti
1066 1158 1167 1236 Petri,
1188 1158 1244 1240 qni
1260 1157 1375 1220 itidem
1392 1179 1495 1240 aeque

308 1250 460 1314 laborant
492 1271 552 1332 pro
586 1247 655 1312 Deo
689 1254 722 1311 et
755 1247 897 1328 ecclesia,
921 1269 985 1312 non
1010 1269 1112 1330 aeque
1138 1247 1187 1310 vel
1212 1249 1315 1329 magis
1339 1269 1378 1310 ex
1401 1267 1493 1329 prae-

307 1340 429 1422 scripto
462 1339 599 1422 pulchro
634 1337 747 1402 ordine
771 1358 937 1401 sacrorum
966 1358 1126 1402 canonum
1158 1337 1302 1401 habeant
1334 1335 1495 1399 influxum

308 1429 358 1492 001
381 1429 498 1511 capitis
523 1428 671 1511 episcopi,
705 1427 776 1491 dico
811 1427 1113 1509 Transylvaniensis
1147 1425 1330 1490 confirmati
1363 1433 1494 1489 010011-

307 1517 450 1582 secreti?

415 1624 500 1690 Sane
534 1624 623 1687 Trid.
657 1644 730 1686 sess.
765 1629 815 1687 24.
849 1644 917 1706 cap.
952 1627 980 1686 4.
1004 1623 1043 1686 de
1077 1623 1234 1687 reformat
1258 1625 1348 1685 etin
1372 1628 1400 1686 3.
1425 1645 1493 1707 cap.

307 1737 380 1780 eum
405 1715 492 1778 inter
516 1713 555 1776 de
581 1712 687 1777 officio
710 1713 829 1796 judicis
862 1713 994 1792 ordinis
1028 1713 1209 1777 certissima
1241 1717 1290 1775 est
1322 1715 1492 1791 sententia,

307 1804 393 1886 quod
428 1803 568 1886 episcopi
600 1808 777 1866 teneantur
808 1802 944 1866 influere
977 1803 1010 1866 in
1035 1823 1213 1881 00000100,
1238 1802 1362 1866 scilicet
1385 1803 1412 1866 01
1435 1826 1494 1887 per

307 1917 340 1958 se
365 1915 428 1957 uon
452 1898 596 1975 possunt,
629 1898 784 1956 tenentur
808 1913 972 1956 assumere
995 1891 1135 1964 idoneos,
1160 1893 1216 1974 qui
1240 1892 1413 1974 suppleant
1436 1915 1493 1958 suo

306 1984 375 2047 loco
413 1983 660 2066 predicationes,
699 1981 909 2060 visitationes,
949 2001 987 2048 00
1026 1983 1261 2046 confessionum
1300 1983 1492 2047 auditiones.

307 2074 427 2154 Relege
452 2073 508 2136 hos
532 2093 639 2135 sacros
663 2093 809 2136 canones,

415 2185 466 2243 36.
490 2178 618 2262 Quarto
643 2185 733 2242 certa
758 2179 916 2242 relatione
945 2179 1087 2242 habetur
1111 2186 1144 2241 et
1168 2201 1241 2242 cum
1266 2201 1385 2262 magna
1408 2201 1492 2243 asse-

305 2270 472 2333 veratione
488 2268 681 2333 affirmatur
708 2269 848 2352 episcopi
873 2267 1183 2349 Transylvaniensis,
1206 2274 1318 2332 extare
1343 2269 1382 2331 de
1406 2269 1492 2332 facto

306 2360 493 2442 parrochias
518 2359 685 2421 cattolicas
709 2359 882 2440 plusquam
907 2363 1038 2421 centum
1063 2363 1096 2420 et
1120 2357 1311 2436 sacerdotes,
1339 2359 1396 2440 qui
1420 2360 1492 2424 illas

307 2449 550 2527 administrant,
569 2449 734 2510 numerari
750 2470 814 2512 non
831 2449 934 2510 multo
950 2447 1127 2530 pauciores,
1149 2453 1228 2529 quot
1244 2453 1338 2511 erant
1355 2449 1491 2514 animae.

415 2560 464 2618 37.
490 2553 665 2620 Sciendum
698 2577 794 2638 porro
818 2555 852 2618 in
877 2555 934 2619 illa
956 2555 1053 2637 plaga
1077 2554 1231 2619 dioecesis
1255 2576 1339 2636 quae
1361 2559 1492 2638 proprie

307 2644 543 2727 Transylvania
564 2649 697 2707 vocatur
716 2646 757 2711 ab
778 2645 899 2725 incolis,
918 2665 1097 2728 perpaucas
1121 2665 1188 2708 esse
1211 2645 1400 2726 parrochias
1424 2653 1491 2710 cat-

307 2735 429 2814 tolicas,
453 2734 577 2798 00111001
594 2737 623 2796 4.
640 2735 682 2797 ad
706 2757 876 2812 summum,
901 2755 1019 2815 easque
1035 2755 1054 2798 a
1071 2734 1221 2816 patribus
1238 2733 1410 2798 Societatis
1435 2737 1490 2799 ad-

305 2823 494 2904 ministrari,
518 2824 701 2888 nobilitatis
725 2832 835 2888 tamen
859 2823 1032 2888 1101011100
1056 2830 1184 2906 partem
1208 2824 1419 2905 insigniorem
1452 2847 1491 2890 011

305 2915 474 2978 catholicis
500 2920 656 2977 constare.
689 2912 835 2978 Istorum
862 2913 966 2996 aliqui
989 2915 1023 2976 in
1048 2913 1114 2978 suis
1138 2913 1322 2977 residentiis
1345 2935 1383 2978 ac
1407 2916 1490 2978 arci-

262 3071 265 3075 ,
305 3005 366 3068 bus
391 3004 514 3068 habent
538 3003 729 3082 sacerdotes,
754 3005 810 3085 qui
833 3003 936 3066 libere
960 3024 998 3067 ac
1021 3003 1130 3085 palam
1154 3003 1264 3066 divina
1286 3004 1355 3086 ritu
1379 3005 1489 3068 catho-

304 3093 366 3156 lico
390 3098 553 3175 peragunt
577 3099 636 3156 0111
659 3093 701 3156 ad
719 3115 771 3156 eos
786 3099 897 3175 patres
914 3091 1087 3157 Societatis
1108 3099 1296 3172 excurrunt,
1316 3094 1414 3158 certis
1432 3117 1490 3177 per

305 3204 426 3246 annum
450 3182 688 3245 festivitatibus
712 3183 753 3246 ad
779 3182 959 3246 audiendas
983 3182 1205 3262 confessiones,
1225 3182 1489 3266 praedicandum,

272 3341 274 3344 ,
304 3273 546 3354 baptisandum,
570 3271 797 3354 sepeliendum.
822 3271 999 3336 Parochias
1023 3293 1099 3354 ergo
1118 3271 1199 3350 illas,
1224 3293 1307 3354 quae
1343 3278 1391 3336 tot
1422 3295 1489 3338 esse

303 3383 438 3425 numero
469 3361 624 3424 dicuntur
648 3362 682 3424 in
707 3360 829 3425 Siculis
860 3361 983 3440 haberi,
1018 3383 1100 3444 quae
1123 3367 1246 3442 septem
1269 3361 1400 3426 sedibus
1433 3385 1489 3427 seu

304 3452 516 3516 comitatibus
548 3457 684 3514 constat.
717 3451 856 3514 illarum
889 3451 1015 3515 sedium
1047 3452 1156 3533 plures
1182 3457 1258 3514 sunt
1283 3452 1430 3534 integrae
1454 3454 1487 3516 in

303 3541 367 3604 fide
383 3541 545 3605 catholica
569 3546 820 3622 perseverantes,
845 3541 975 3623 aliquae
998 3541 1125 3605 haeresi
1148 3541 1297 3620 infectae,
1320 3541 1354 3604 in
1378 3541 1488 3624 singu-

302 3631 343 3694 lis
367 3636 475 3693 tamen
500 3631 620 3694 multos
642 3629 760 3695 habere
786 3631 960 3695 catholicos
985 3637 1111 3694 certum
1136 3636 1191 3694 est.
1209 3627 1370 3713 Adeoque
1393 3632 1500 3714 longe-

304 3721 479 3784 maximam
504 3719 688 3784 Siculorum
719 3726 847 3801 partem
880 3721 914 3784 111
948 3720 1081 3784 00010010
1113 3721 1265 3784 0011011οο
1288 3741 1486 3804 permanere.

413 3834 462 3892 38.
488 3828 551 3894 Sed
576 3830 641 3892 iam
664 3829 716 3892 1110
740 3829 920 3910 quaeritur,
945 3828 1017 3911 quis
1041 3834 1091 3893 tot
1114 3828 1258 3911 parvulis
1281 3829 1376 3894 istius
1401 3829 1487 3892 dioe-

304 3919 384 3983 cesis
400 3919 534 4001 irangat
553 3940 678 4000 panem,
703 3921 775 4001 quis
791 3920 826 3982 in
841 3920 925 3984 hauc
944 3919 1080 3982 maltam
1101 3917 1389 4000 Transylvanicam
1405 3940 1486 3984 mes-

303 4030 377 4088 sem,
411 4010 522 4072 mittet
555 4006 743 4090 operarios?
776 4007 882 4090 Quis?
916 4008 1070 4090 Episcopi
1094 4007 1275 4080 dioecesani
1298 4015 1384 4072 esset
1407 4008 1486 4072 haec

303 4099 460 4178 obligatio
491 4099 585 4162 iuxta
610 4098 839 4162 Tridentinum
864 4106 897 4162 et
921 4097 1152 4161 Innocentium
1175 4093 1366 4176 (Tirnaviae
1390 4119 1409 4160 a
1433 4099 1485 4180 pio

303 4188 444 4268 quodam
468 4186 692 4269 Transylvano
724 4195 878 4270 magnate
911 4187 1049 4251 lundata
1081 4207 1140 4270 pro
1172 4187 1297 4250 clericis
1321 4187 1382 4252 sub
1406 4209 1485 4252 cura

302 4282 435 4359 patrum
446 4276 618 4341 Societatis
631 4276 656 4340 J
659 4299 714 4341 esu
725 4284 773 4342 est
784 4284 900 4356 010010,
911 4277 966 4340 sed
977 4278 1080 4341 solum
1096 4299 1154 4358 pro
1172 4283 1314 4360 quatuor
1329 4273 1484 4359 alumnis)

303 4365 434 4432 Vienna
458 4372 565 4448 posset
584 4388 604 4429 a
619 4367 792 4430 seminario
816 4367 1036 4436 Pazmaniano
1060 4367 1185 4447 aliquot
1210 4367 1391 4454 quotannis
1408 4367 1485 4432 sub-

303 4457 442 4535 mittere,
475 4457 525 4518 vel
549 4456 688 4537 denique
720 4456 777 4520 alii
810 4455 1004 4537 Huugariae
1036 4457 1176 4539 praelati
1205 4456 1309 4520 eidem
1330 4457 1484 4540 Transyl-

301 4566 415 4610 ramae
438 4565 636 4610 succurrere.
