3472 5494
459 455 479 493 n
502 453 623 493 uncina
647 454 706 494 rna.
730 452 860 494 unorum
882 453 937 494 roc
959 441 1187 495 roartnnnhssz.
1353 433 1417 498 271

791 730 819 818 ξ.
844 738 872 798 3.

339 894 588 978 Archiepiscopi
607 892 846 977 Strigonienses
865 910 994 978 quoque
1019 894 1228 960 retinuerunt
1247 894 1418 976 antiquam

231 986 490 1069 jurisdictionem
506 984 541 1049 in
561 984 782 1068 episcopatum
802 985 1135 1067 Transylvaniensem.
1146 983 1285 1050 Constat
1299 984 1418 1066 episco-

232 1098 310 1159 pum
335 1074 662 1158 Transylvaniensem
689 1074 923 1158 archiepiscopi
948 1073 1143 1140 Oollocensis
1167 1095 1235 1142 esse
1259 1073 1418 1156 suffraga-

232 1186 338 1244 neum,
363 1165 457 1248 eique
481 1163 636 1228 canonice
655 1164 843 1229 immediate
858 1163 1051 1229 subiectum.
1075 1163 1170 1230 Nihil
1185 1163 1419 1248 archiepiscopi

232 1254 471 1337 Strigonienses
495 1253 529 1317 in
553 1253 636 1318 illud
652 1253 875 1336 praetendunt
899 1275 994 1318 sunm
1017 1275 1148 1337 quoque
1171 1255 1222 1318 ius
1240 1253 1363 1336 partim
1387 1254 1418 1315 vi

231 1344 484 1427 privilegiorum,
516 1343 638 1426 partim
672 1365 710 1407 ex
737 1345 810 1426 jure
834 1343 998 1407 communi
1022 1344 1187 1423 canonico,
1210 1343 1332 1426 partim
1357 1363 1418 1406 usu

232 1442 265 1497 et
290 1433 524 1498 consuetudine
548 1430 633 1512 (sic).

340 1528 392 1587 26.
418 1529 454 1586 10
474 1544 514 1587 ex
537 1521 714 1606 privilegiis
740 1521 904 1586 Bonifacii
929 1520 994 1586 IX.
1018 1527 1051 1585 et
1074 1521 1128 1585 Pii
1144 1522 1192 1587 II.
1209 1521 1339 1604 aliquae
1362 1542 1417 1604 pa-

232 1613 370 1693 rochiae,
395 1612 574 1678 decanatus
607 1617 640 1675 et
667 1611 914 1694 praepositurae
938 1611 1093 1676 dioecesis
1117 1611 1198 1676 alias
1223 1611 1418 1694 Transylva-

231 1703 352 1767 niensis
368 1703 558 1766 eximuntur
574 1723 593 1766 a
608 1700 836 1783 jurisdictione
851 1701 1019 1781 ordinarii,
1043 1707 1076 1764 et
1092 1701 1315 1766 subiiciuntur
1334 1699 1418 1766 Stri-

232 1792 378 1874 goniensi
410 1791 659 1874 archiepiscopo.
689 1791 807 1855 Monet
831 1796 941 1855 autem
962 1790 1131 1855 Honorius
1156 1790 1223 1854 ΠΙ.
1247 1789 1418 1874 privilegia

232 1902 295 1946 non
327 1901 396 1946 esse
428 1881 578 1945 violanda
602 1881 702 1944 etiam
726 1880 893 1960 indirecte,
917 1881 952 1944 in
975 1901 1044 1962 cap.
1068 1884 1098 1944 4.
1121 1879 1263 1963 amplius
1287 1881 1327 1944 de
1350 1881 1417 1963 pri·

231 1971 344 2052 vilegis
367 1971 475 2035 bullas
499 1976 532 2034 et
555 1969 687 2034 nomina
719 1971 863 2035 locorum
895 1975 1119 2053 exemptorum
1142 1969 1244 2034 refert
1267 1969 1418 2034 cardina·

230 2061 270 2124 lis
303 2060 447 2124 Pazman
479 2059 514 2124 in
548 2073 587 2141 pfl
616 2067 649 2124 et
678 2064 715 2122 3ο
744 2059 899 2143 apendice
932 2059 1046 2141 synodi
1088 2059 1296 2126 dioecesanae
1331 2063 1416 2124 1629

231 2149 425 2230 celebratae,
447 2149 489 2212 ad
513 2170 613 2231 quam
636 2149 736 2212 etiam
759 2149 919 2231 synodum
941 2149 1021 2214 istos
1045 2154 1211 2232 exemptos
1235 2147 1321 2216 idem
1346 2169 1417 2214 car-

231 2239 350 2304 dinalis
373 2238 501 2303 censuit
524 2258 592 2302 esse
615 2237 809 2318 invitandos,
834 2244 867 2302 et
890 2238 963 2302 ideo
986 2238 1143 2317 fortassis,
1167 2238 1272 2302 eidem
1295 2239 1416 2321 synodo

230 2327 384 2392 interfuit
407 2333 440 2392 et
464 2327 658 2410 subscripsit
683 2326 870 2412 Stephanus
894 2325 1144 2393 Szentandrassi
1167 2329 1334 2412 episcopus
1357 2351 1416 2414 pro

233 2426 313 2482 tunc
337 2417 649 2500 Transylvaniensis,
673 2417 825 2482 videlicet
848 2418 881 2481 in
906 2417 1021 2500 synodi
1045 2417 1135 2482 actis.

340 2512 390 2572 27.
425 2508 477 2571 Ex
509 2507 582 2590 jure
622 2508 785 2571 communi
825 2508 979 2571 canonico
1018 2505 1253 2591 strigoniensis
1292 2505 1416 2571 archie-

230 2597 388 2680 piscopus,
413 2603 451 2660 ut
475 2602 525 2660 est
547 2596 756 2678 metropolita
780 2596 815 2660 in
839 2617 949 2661 omnes
973 2597 1137 2680 episcopos
1161 2597 1264 2660 totius
1287 2597 1416 2680 provin-

230 2687 307 2768 ciae,
345 2687 445 2752 habet
477 2685 649 2768 antiquam
681 2686 959 2769 jurisdictionem
992 2687 1042 2751 ita
1073 2687 1216 2751 habetur
1249 2685 1416 2750 decretum

230 2777 282 2840 tit.
317 2780 344 2839 5.
379 2777 420 2840 de
452 2774 558 2839 officio
594 2775 713 2858 judicis
746 2776 860 2840 ordine
892 2783 925 2840 et
953 2776 1077 2840 decreti
1110 2790 1150 2859 pfl
1184 2782 1217 2840 et
1249 2779 1278 2840 2.
1312 2782 1415 2858 parte.

230 2865 278 2928 Ut
310 2866 432 2948 primas
466 2871 515 2929 est
547 2865 633 2928 idem
667 2863 901 2948 Strigoniensis
929 2887 1026 2948 super
1050 2865 1293 2947 metropolitam
1316 2865 1415 2929 etiam

229 2955 371 3019 habetur
389 2954 659 3036 jurisdictionem,
678 2955 752 3019 vide
771 2956 806 3020 in
822 2954 968 3038 proxime
984 2955 1096 3020 citatis
1111 2955 1198 3020 locis.
1223 2953 1271 3018 Ut
1287 2955 1415 3036 legatus

230 3051 328 3107 natus
345 3043 476 3108 videtur
491 3044 526 3108 in
537 3043 846 3127 Transylvanienses
862 3043 997 3108 eamden
1014 3044 1135 3108 habere
1154 3043 1415 3127 jurisdictionem

229 3155 327 3215 quam
346 3132 537 3198 Alexander
554 3133 621 3198 ΙΙΙ.
638 3134 759 3198 tribuit
779 3133 1019 3216 archiepiscopo
1040 3132 1272 3199 Cantuariensi
1290 3134 1324 3196 in
1341 3154 1415 3198 suos

228 3221 450 3305 suffraganeos
483 3223 538 3288 lib.
572 3229 600 3286 5.
629 3223 797 3287 decretum
821 3223 872 3288 tit.
897 3228 948 3288 30.
972 3245 1040 3307 cap.
1064 3237 1103 3306 p0
1123 3243 1208 3306 quae
1230 3223 1415 3306 jurisdictio

228 3333 347 3394 magna
370 3319 427 3376 est.
450 3311 593 3377 Accedit
617 3313 715 3378 Bulla
738 3313 867 3378 Nicolai
890 3312 931 3381 V.
955 3335 994 3378 ex
1018 3335 1083 3396 qua
1100 3313 1202 3377 refert
1226 3311 1414 3378 Cardinalis

159 3406 164 3413 '
227 3401 371 3466 Paeman
405 3401 492 3485 quod
524 3402 786 3486 archiepiscopus
819 3401 1062 3486 Strigoniensis‚
1096 3409 1256 3485 tanquam
1286 3403 1414 3485 legatus

227 3497 334 3571 natus,
358 3491 392 3554 in
417 3497 487 3555 toto
510 3513 612 3574 regno
635 3492 803 3575 Ungariae
827 3499 860 3556 et
883 3493 1034 3576 partibus
1057 3493 1107 3556 illi
1130 3494 1265 3556 annexis
1279 3493 1413 3557 visitare

226 3588 260 3644 et
283 3580 461 3644 reformare
483 3582 585 3663 possit
608 3582 642 3646 in
666 3582 895 3666 spiritualibus
914 3589 947 3646 et
962 3579 1199 3665 temporalibus
1215 3582 1413 3646 monasteria

226 3677 260 3733 et
292 3669 362 3733 looa
394 3670 621 3752 ecclesiastica,
646 3672 746 3737 etiam
769 3677 927 3753 exempta,
948 3671 982 3736 in
1006 3672 1170 3754 capitibus
1194 3678 1227 3735 et
1250 3671 1413 3748 membris,
1493 3733 1498 3741 .

227 3779 267 3821 ex
291 3779 356 3840 quo
378 3760 461 3823 bene
484 3760 600 3826 inferri
624 3768 739 3844 potest,
764 3762 852 3843 quod
875 3761 961 3825 idem
981 3762 1088 3826 facere
1105 3761 1208 3844 possit
1224 3761 1258 3825 in
1274 3761 1412 3826 dioecesi

226 3847 521 3929 Transylvaniensi.

335 3941 386 4000 28.
411 3939 462 4001 Ex
486 3939 721 4004 consuetudine
744 3940 805 4005 hac
837 3939 966 4022 probat,
994 3939 1226 4004 Ferdinandus
1250 3939 1276 4004 Ι.
1302 3939 1336 4004 in
1360 3960 1411 4004 co-

226 4025 336 4105 mitiis,
362 4027 464 4091 totius
487 4033 635 4092 statuum
659 4029 752 4112 regni
776 4049 934 4093 consensu
960 4029 1039 4092 dum
1063 4049 1149 4092 anno
1172 4025 1265 4092 1560.
1279 4035 1342 4093 art.
1361 4034 1410 4092 18.

224 4115 273 4178 ita
290 4115 453 4181 decernit:
474 4115 550 4181 »Ad
567 4118 747 4182 tollendum
758 4119 895 4182 dubium
905 4114 952 4183 'de
967 4117 1134 4183 beneficiis
1149 4140 1169 4183 a
1183 4118 1410 4201 jurisdictione

225 4205 364 4270 alicuius
396 4206 578 4271 dioecesani
610 4209 768 4290 exemptis
802 4213 835 4272 et
867 4207 910 4271 ad
933 4206 1101 4272 ecclesiam
1125 4209 1410 4291 metropolitanam

224 4292 482 4377 Strigoniensem
511 4296 750 4379 pertinentibus
775 4297 823 4360 ita
847 4297 1055 4377 decrevimus,
1081 4303 1119 4361 ut
1143 4293 1255 4362 curam
1278 4299 1409 4380 quidem

225 4385 476 4470 dispensationis
509 4386 667 4450 bonorum
692 4393 725 4451 et
747 4393 965 4468 proventuum
989 4387 1218 4469 temporalium
1242 4388 1409 4470 episcopus

224 4475 293 4558 ipsc
313 4476 521 4540 dioecesanus
544 4475 674 4557 habeat,
696 4475 881 4559 jurisdictio
905 4481 1015 4540 tamen
1048 4477 1118 4560 ipsa
1141 4483 1173 4541 et
1198 4477 1409 4560 superioritas

224 4563 402 4630 secundum
434 4566 517 4648 jura,
550 4565 730 4649 privilegia,
762 4572 795 4630 et
820 4566 992 4648 antiquam
1016 4567 1283 4632 consuetudinem
1306 4567 1409 4649 ipsius
