3436 5500
341 435 382 492 22
568 475 570 480 .
641 475 643 480 ,
699 461 701 464 ·
837 436 1024 490 ounnvanrln

338 646 463 689 cessum
487 631 525 687 ut
548 623 674 705 petitur
697 623 731 686 in
755 622 920 704 presentia
944 621 1066 686 domini
1099 621 1202 684 nostri
1229 641 1320 702 pape.
1353 619 1525 684 Johannes

340 713 555 779 Zamorensis.
588 714 634 777 Et
667 713 754 794 quod
787 734 851 776 non
885 712 1053 775 obstantes
1078 732 1135 775 sue
1158 732 1233 774 curn
1256 710 1392 792 singulis
1419 711 1525 792 quali-

340 805 465 868 tatibus
490 810 522 867 et
547 804 631 866 veris
656 802 820 867 valoribus
853 802 1028 866 eorundem
1060 801 1094 864 in
1125 801 1320 864 cancellaria
1344 801 1525 881 exprimere

338 894 449 976 possit.
476 929 517 936 -
544 891 739 957 Concessum
762 892 788 955 J
790 892 933 955 ohannes
956 891 1172 954 Zamorensis.
1206 889 1332 954 Datum
1355 889 1524 954 Florentie

341 989 459 1065 quarto
482 982 638 1046 kalendas
662 980 809 1064 Augusti
833 1002 918 1045 anno
942 979 1120 1044 undecimo.

448 1145 484 1202 (A
511 1139 639 1193 vatikani
666 1139 848 1192 leve'ltarben.
878 1136 1099 1206 Supplicationes
1127 1135 1247 1206 Eugenii
1274 1141 1321 1188 IV.
1350 1139 1447 1188 Annus
1474 1141 1524 1188 XI.

341 1214 425 1265 Liber
447 1217 528 1278 VIIL,
548 1211 595 1264 fol.
618 1209 682 1274 131.)

894 1489 973 1556 XV.

756 1654 851 1715 1442.
875 1649 1034 1714 marozius
1058 1651 1109 1712 24.

342 1815 401 1878 IV.
426 1814 545 1896 Euporo
566 1816 659 1893 popo
683 1833 703 1875 o
728 1811 846 1876 odrodi
874 1814 1097 1893 prepostsctpoi
1122 1809 1266 1873 Bromio
1299 1807 1526 1872 biborrcotriot

807 1903 1057 1984 odmiooporro.

450 2067 547 2130 Motu
571 2067 702 2148 proprio
725 2064 932 2147 providemus
955 2063 1133 2128 venerabili
1151 2062 1249 2126 iratri
1265 2067 1376 2124 nostro
1393 2060 1527 2124 Brande

342 2157 489 2238 episcopo
522 2154 694 2220 Sabinensi
734 2154 773 2218 de
812 2155 1019 2237 prepositura
1051 2153 1183 2216 ecclesie
1206 2151 1428 2228 Varadiensis‚
1462 2171 1526 2231 que

342 2246 486 2328 dignitas
519 2247 622 2309 maior
654 2252 727 2328 post
759 2243 978 2327 pontificalem
1011 2243 1131 2321 existit,
1155 2246 1292 2305 vacante
1316 2262 1375 2322 per
1399 2241 1525 2305 obitum

344 2335 507 2417 quondam
540 2333 685 2399 Conradi
717 2335 819 2416 ipsius
852 2333 983 2397 ecclesie
1014 2331 1171 2414 prepositi
1210 2337 1305 2394 extra
1343 2331 1525 2394 Romanam

342 2425 467 2488 curiam
498 2425 656 2504 defuncti,
691 2425 783 2488 cuius
815 2423 944 2486 fructus
977 2428 1037 2485 etc.
1071 2422 1285 2485 ducentarum
1318 2420 1526 2483 marcharum

342 2515 471 2595 argenti
495 2514 571 2595 puri
595 2515 756 2577 communi
781 2513 991 2576 extimatione
1015 2512 1156 2575 valorem
1180 2532 1326 2575 annuum
1349 2531 1413 2572 non
1436 2530 1525 2572 exce·

343 2604 435 2682 dunt,
451 2604 606 2686 premisso
623 2603 672 2666 vel
697 2603 760 2667 3110
785 2601 993 2685 quovismodo
1013 2607 1071 2664 aut
1087 2622 1126 2664 ex
1142 2601 1279 2664 alterius
1303 2599 1526 2681 cuiuscunque

342 2714 488 2774 persona,
512 2694 561 2756 vel
584 2694 721 2757 liberam
746 2693 847 2774 ipsius
872 2691 1014 2757 Conradi
1031 2692 1080 2754 vel
1104 2690 1240 2754 alterius
1264 2690 1298 2752 in
1322 2690 1411 2754 dicta
1435 2689 1526 2751 curia

342 2784 393 2846 vel
416 2790 510 2847 extra
535 2805 606 2847 earn
630 2783 729 2846 etiam
754 2803 863 2847 coram
886 2781 1014 2844 notario
1037 2781 1168 2862 publico
1192 2785 1225 2842 et
1248 2779 1388 2843 testibus
1413 2785 1528 2861 sponte

343 2873 466 2937 iactam
498 2873 751 2954 resignationem
791 2879 849 2935 aut
888 2871 1154 2936 constitutionem
1188 2869 1393 2933 Execrabilis
1426 2874 1525 2946 vacet,

342 2963 442 3026 etiam
459 2963 486 3025 si
503 2963 662 3043 devoluta,
682 2961 808 3042 affecta,
825 2962 1011 3044 specialiter
1027 2967 1087 3024 aut
1103 2960 1184 3024 alias
1206 2958 1402 3038 generaliter
1425 2979 1528 3021 reser-

345 3057 421 3116 vata
444 3053 580 3135 ipsaque
602 3053 809 3135 prepositura
833 3059 948 3115 curata
973 3057 1006 3114 et
1030 3051 1165 3114 electiva
1190 3055 1248 3112 aut
1274 3048 1425 3130 litigiosa,
1457 3048 1528 3110 litis

343 3148 468 3206 statum
492 3149 560 3222 etc,
585 3143 714 3221 existat,
739 3163 812 3204 cum
836 3162 901 3204 non
925 3140 1134 3205 obstantibus
1159 3146 1191 3202 et
1216 3138 1370 3202 clausulis
1394 3145 1527 3219 oportu-

344 3233 393 3296 nis
418 3239 450 3296 et
474 3231 706 3313 dispensamus.
739 3231 819 3295 Fiat
851 3236 943 3294 motu
975 3231 1106 3312 proprio
1130 3227 1170 3293 G.
1204 3227 1330 3292 Datum
1358 3227 1528 3292 Florentio

344 3343 428 3385 nono
451 3321 609 3385 kalendas
631 3320 759 3403 Aprilis
783 3342 868 3384 anno
894 3320 1092 3384 duodecimo.

344 3551 386 3603 m
447 3479 643 3613 I(ltfvlatikan)i
674 3478 857 3531 leveltarban.
887 3471 1111 3544 supplicationes
1140 3475 1261 3545 Eugenii
1288 3481 1335 3528 IV.
1356 3479 1452 3527 Annus
1471 3479 1527 3526 XII

369 3569 429 3604 iuer
461 3590 477 3617 .,
511 3559 626 3604 0162.
1396 3551 1399 3558 ’

888 3807 991 3877 XVI.

767 3975 862 4035 1444.
887 3971 1060 4035 november
1087 3976 1114 4034 7.

344 4137 437 4200 Bodo'
452 4134 650 4199 1111103111.
667 4133 786 4215 Eripere
806 4132 960 4212 populior
983 4090 1193 4214 folpomodilc,
1216 4132 1299 4214 bopp
1323 4135 1354 4193 o't
1370 4151 1390 4194 o
1406 4129 1529 4193 3331133-

343 4225 513 4306 febevociri
525 4223 791 4306 prepostscipboo,
813 4222 928 4304 melpei
949 4221 1081 4287 Ulctsrlo'
1096 4221 1207 4303 loircilp
1224 4220 1363 4303 legiferi
1379 4221 1527 4283 refecerese

699 4311 838 4394 clopjciu
862 4311 923 4392 bir,
946 4315 1077 4376 ero'sc'ise
1100 4333 1177 4394 roep.

452 4473 645 4538 Beatissimo
676 4479 778 4554 pater.
819 4471 969 4536 Vacante
1002 4472 1126 4536 dudum
1158 4469 1364 4552 prepositura
1396 4469 1528 4533 ecclesie

344 4566 439 4631 beate
464 4563 572 4628 Maria
589 4562 796 4644 Alberegalis
814 4561 1066 4644 Vesprimiensis
1091 4560 1233 4639 diocesis,
1267 4580 1329 4642 que
1355 4566 1470 4623 curata
1496 4564 1529 4624 et
