3458 5492
469 498 487 536 a
511 497 632 534 maerin
657 497 716 534 nra.
739 494 869 533 ruerunt
892 493 945 532 roe
968 481 1196 532 rotmannum.
1360 466 1422 530 163

241 675 368 732 vestrae
392 673 493 750 atque
517 668 661 730 omniurn
685 688 795 730 rerum
817 687 970 749 prospero
994 685 1143 730 successu
1162 663 1270 727 Deum
1294 665 1425 728 immor·

242 759 341 822 talem
365 758 427 840 piis
452 757 656 822 orationibus
676 757 836 839 supplices
853 754 1050 820 commodius
1067 754 1236 836 deprecari
1252 753 1424 818 valeamus.

242 845 350 929 Quam
376 847 555 911 maiestatis
578 851 706 910 vestrae
729 845 967 910 sacratissimae
991 845 1165 926 benignam
1188 850 1424 926 paternamque

240 957 363 1016 curam,
383 937 550 1019 perpetuis
569 936 825 1018 humillimisque
849 933 1078 1016 obsequiorum
1102 939 1297 997 nostrorum*
1313 939 1425 1014 gratu·

244 1027 422 1090 lationibus
445 1025 624 1108 promereri
648 1047 712 1089 non
736 1025 936 1089 desistemus.
962 1023 1076 1089 Servat
1101 1022 1191 1086 Deus
1215 1029 1274 1087 etc.
1299 1022 1425 1086 Datum

242 1114 411 1198 Galgocaii
435 1116 469 1178 in
493 1115 678 1197 Hungaria,
703 1117 736 1179 in
771 1114 1021 1196 congregatione
1050 1113 1253 1176 dominorum
1277 1111 1426 1176 consilia·

243 1205 375 1284 riorum,
408 1205 638 1288 praelatorum,
671 1206 841 1282 baronum,
880 1209 1071 1286 magnatum
1109 1224 1148 1266 ac
1182 1201 1340 1266 nobilium
1374 1201 1426 1264 die

246 1300 300 1359 7-a
325 1295 525 1373 Decembris,
551 1299 645 1358 1618.

245 1511 269 1570 Α
298 1527 438 1590 mcqyor
470 1507 661 1570 tondcsosolo
693 1503 857 1587 felbc'ojcilc
881 1525 901 1570 a
921 1508 1013 1585 popo
1046 1505 1207 1589 fiqyclmet
1230 1525 1321 1584 arro,
1344 1505 1427 1588 boqy

244 1594 392 1676 Bolosfsi
425 1598 620 1679 mopscrtette
654 1615 674 1660 a
705 1616 845 1678 maqyor
880 1595 990 1677 kirtly
1026 1595 1235 1678 irivoltsdqoit
1268 1597 1300 1658 e's
1333 1595 1426 1658 ke'rilc

245 1687 263 1746 ‘o'
286 1689 468 1769 saeotceqe't,
501 1686 586 1769 boqy
618 1707 639 1750 a
668 1685 764 1768 pyo'ri
793 1679 990 1765 pitspdhaelc
1015 1705 1036 1748 a
1062 1683 1187 1767 tirdlyi
1219 1685 1427 1748 readeletaelr

514 1774 675 1858 oreqfelclo'
698 1775 914 1838 iotc'alrede'se't
937 1773 1060 1857 boquo
1077 1774 1167 1858 joed.

354 1917 565 1983 Sanctissime
588 1923 683 2000 pater
707 1924 767 1982 etc.

236 2081 238 2084 ¹
353 2008 433 2071 Post
466 2008 637 2072 beatorum
674 2008 792 2090 pedum
831 2007 948 2087 oscula,
984 2008 1167 2072 humillima
1200 2006 1429 2090 obsequiorum

247 2102 434 2162 nostrorum
467 2097 709 2161 subiectionem.
742 2097 961 2179 imperatoria
991 2098 1146 2180 regiaque
1184 2097 1337 2160 maiestas
1370 2116 1429 2158 sua

246 2187 506 2270 praeposituram
516 2187 745 2250 Posoniensem
763 2208 803 2249 ex
817 2187 911 2268 larga
927 2193 960 2250 et
976 2187 1127 2250 clementi
1146 2207 1205 2250 sua
1221 2185 1429 2262 liberalitate,

245 2283 323 2340 ante
347 2277 473 2358 aliquot
496 2297 630 2355 menses,
663 2276 929 2340 reverendissimo
957 2277 1115 2340 Bosnensi
1140 2297 1177 2339 ea
1202 2276 1272 2358 lege
1298 2279 1331 2338 et
1355 2295 1429 2338 con-

245 2366 371 2430 ditione
403 2365 597 2444 contulerat,
630 2371 668 2428 ut
701 2366 831 2429 omnino
873 2366 1095 2430 custodiatnm
1133 2372 1167 2429 et
1201 2365 1429 2429 canonicatum

246 2455 272 2519 J
273 2457 488 2534 aurinensem,
505 2461 674 2537 tamquam
691 2453 849 2519 beneficia
864 2455 1123 2538 incompatibilia
1147 2454 1220 2518 aliis
1235 2452 1430 2537 possidenda

246 2546 439 2627 relinquere,
465 2566 528 2626 quo
552 2545 749 2608 commodius
765 2566 832 2608 sua
864 2545 1016 2609 maiestas
1040 2544 1129 2608 fideli
1153 2551 1186 2608 et
1210 2544 1430 2609 benemeritae

246 2655 403 2717 personae
426 2634 692 2698 reverendissimo
722 2636 867 2716 episcopo
894 2633 1150 2713 Transilvaniae,
1174 2633 1215 2697 ob
1240 2633 1429 2715 religionem

247 2725 441 2788 catholicam
473 2723 540 2786 iarn
563 2745 582 2788 a
605 2723 718 2787 multis
751 2725 845 2787 annis
878 2723 1012 2786 exilium
1045 2724 1157 2806 agenti
1181 2730 1214 2786 et
1238 2723 1325 2788 omni
1350 2727 1431 2784 tem-

246 2814 350 2896 porali
370 2813 486 2877 solatio
508 2812 676 2892 destituta
700 2819 807 2894 posset
831 2813 1011 2877 subvenire.
1031 2813 1171 2877 Interim
1188 2813 1265 2876 dum
1282 2833 1431 2876 reveren·

246 2903 398 2966 dissimus
431 2902 580 2966 dominus
614 2903 875 2985 archiepiscopus
899 2901 1100 2966 Ooloczensis
1125 2909 1158 2966 et
1182 2902 1430 2965 administrator
1519 2972 1521 2974 ,

246 2993 451 3075 episcopatus
466 2990 492 3054 J
494 2992 685 3070 aurinensis,
711 3013 749 3054 ex
774 2992 954 3055 annuentia
978 3013 1055 3055 suae
1075 3012 1241 3056 caesareae
1257 2992 1431 3074 regiaeque

247 3083 437 3160 maiestatis
462 3082 503 3145 ad
528 3081 791 3145 intercessionem
824 3087 979 3161 nostram,
1012 3082 1083 3144 inre
1115 3081 1297 3144 collationis
1329 3080 1432 3144 libere

248 3177 406 3250 uteretur,
423 3170 508 3234 idem
526 3171 812 3234 reverendissimus
827 3170 1002 3234 Bosnensis
1019 3171 1160 3235 Thomas
1171 3169 1315 3250 Balasffi,
1331 3168 1432 3233 inscio

246 3267 280 3324 et
303 3261 405 3324 invito
422 3260 577 3342 praelato
600 3281 666 3338 suo,
686 3261 728 3324 ad
749 3266 890 3323 vestram
906 3261 1115 3324 sanctitatem
1139 3260 1295 3342 confugit,
1320 3259 1432 3341 impri-
1462 3272 1465 3279 '

246 3351 307 3414 mis
332 3349 484 3432 precibus
508 3355 540 3411 et
564 3348 715 3430 figuratis
739 3350 842 3432 magis
868 3371 966 3432 quam
991 3351 1075 3414 veris
1099 3351 1205 3414 causis
1230 3356 1263 3413 et
1288 3349 1432 3414 rationa-

247 3439 378 3518 bilibus,
392 3438 581 3520 impetravit
597 3439 755 3520 quasdam
772 3439 1029 3521 dispensationes
1046 3441 1250 3522 temporales
1266 3438 1432 3503 retinendi

246 3551 321 3592 cum
339 3529 452 3592 eadem
468 3529 695 3610 praepositura
711 3529 900 3593 Posoniensi
917 3531 1138 3596 custodiatum
1155 3536 1188 3593 et
1204 3528 1432 3593 canonicatum

248 3618 274 3682 J
276 3619 499 3698 aurinensem;
533 3639 606 3682 curn
641 3624 750 3682 tamen
783 3619 863 3684 alias
896 3625 1028 3701 praeter
1050 3619 1311 3702 praeposituram
1335 3617 1452 3683 Poso-

246 3709 390 3771 niensem
425 3707 563 3771 haberet
600 3729 700 3771 unam
739 3708 837 3772 aliam
873 3709 1133 3791 praeposituram
1172 3708 1212 3772 de
1250 3709 1433 3789 Kapornak

247 3805 281 3860 et
306 3797 474 3861 abbatiam
498 3796 707 3860 deZalavar
732 3804 907 3879 utramque
931 3798 1114 3877 infulatam,
1138 3803 1307 3880 praeterea
1332 3801 1433 3862 etiarn

249 3909 350 3950 unum
374 3891 574 3950 rectoratum
608 3887 750 3969 capellae
774 3885 805 3952 S.
830 3887 977 3950 Ladislai
1001 3889 1087 3968 regis
1110 3887 1241 3951 Posonii
1265 3886 1433 3968 fundatae,

247 3998 286 4040 ex
319 3976 438 4058 quibus
471 3977 635 4040 commode
668 3977 865 4058 honesteque
900 3977 1096 4058 dignitatem
1125 3998 1202 4040 suae
1225 3976 1434 4059 praelaturae

248 4072 461 4129 manutenere
483 4065 593 4147 possit.
626 4065 720 4129 Haec
751 4086 802 4130 res
835 4059 918 4130 nova
952 4066 1167 4148 inauditaque
1191 4067 1224 4129 in
1250 4066 1310 4129 hoc
1334 4089 1434 4151 regno

247 4153 443 4237 Hungariae
467 4156 616 4219 omnibus
641 4155 744 4218 videri
760 4161 867 4238 potest
884 4162 917 4219 et
933 4155 1066 4219 minime
1089 4156 1234 4234 ferenda,
1260 4162 1332 4218 tum
1357 4159 1434 4240 quia

248 4265 343 4308 verae
376 4250 410 4307 et
443 4243 655 4308 rationabiles
688 4266 804 4308 causae
838 4245 1046 4327 dispensandi
1072 4266 1180 4310 coram
1213 4267 1271 4308 suo
1304 4248 1434 4312 ordina-

249 4334 298 4397 rio
322 4339 417 4397 erant
440 4333 636 4414 probandae,
662 4356 723 4397 non
754 4335 951 4399 clancularie
985 4335 1218 4416 impetrandae,
1252 4341 1323 4398 turn
1357 4339 1435 4419 quia

247 4431 363 4487 contra
386 4423 557 4505 privilegia
581 4423 730 4486 divorum
755 4424 918 4507 quondam
945 4423 1139 4506 Hungariae
1159 4445 1282 4506 regum,
1302 4447 1322 4487 a
1341 4448 1435 4509 prae·

249 4513 469 4576 decessoribus
493 4518 620 4575 vestrae
644 4513 829 4577 sanctitatis
853 4519 886 4576 et
911 4513 986 4577 sede
1017 4514 1193 4595 apostolica
1217 4514 1262 4577 eis
1286 4533 1435 4581 concessa

248 4609 282 4666 et
306 4601 497 4666 confirmata
521 4608 553 4665 et
575 4602 754 4666 aconciliis
778 4603 953 4683 attributa,
976 4603 1096 4685 quibus
1119 4604 1264 4685 legitime
1287 4607 1435 4670 coronari

1274 4733 1321 4778 11*
