3436 5500
294 435 350 482 ΧΠ
793 443 980 496 ouunvdnrla

292 629 484 712 approbare,
508 633 541 691 et
565 629 696 712 plenum
720 627 821 692 robur
844 627 992 692 obtinere
1016 627 1197 707 decernere,
1226 647 1401 708 omnesque
1426 623 1481 688 de-

293 717 407 793 fectus,
430 719 458 783 si
482 718 539 801 qui
563 718 675 782 forsan
699 717 937 782 intervenerint
961 718 995 782 in
1021 718 1151 797 eisdem,
1185 718 1334 800 supplere
1367 715 1480 797 digne·
1573 780 1583 803 ¹

293 807 382 889 mini,
417 807 456 872 de
481 807 592 892 gracia
616 806 756 890 speciali,
780 828 844 872 non
868 799 1077 872 obstantibus
1103 805 1271 889 quibusvis
1296 803 1480 883 contrariis,
1546 883 1549 894 ⁵

294 918 369 961 cum
392 896 546 962 clausulis
570 896 772 980 opportunis.

400 986 488 1067 Fiat,
513 992 551 1050 ut
574 986 709 1070 petitur.
734 986 770 1050 P.

400 1075 526 1140 Datum
545 1075 649 1142 Rome
673 1075 761 1158 apud
785 1081 936 1140 sanctum
955 1075 1093 1139 Petrum
1117 1073 1345 1138 terciodecimo
1368 1072 1481 1137 kalen·

291 1165 351 1230 das
373 1163 523 1248 Augusti
546 1186 631 1230 enno
656 1165 801 1248 septimo.

401 1325 438 1385 (A
457 1321 585 1376 vatikani
604 1323 786 1377 leveltarban.
812 1325 934 1391 Regesta
953 1320 1195 1391 supplicationum
1215 1325 1268 1372 vol.
1289 1327 1349 1372 893,
1370 1318 1389 1372 f.
1411 1322 1481 1382 250.)

876 1485 892 1521 >k

403 1668 591 1740 Monkam
618 1673 704 1740 218.
732 1668 862 1764 lapjan
890 1668 1125 1755 emlitettem,
1152 1666 1255 1758 hogy
1284 1660 1481 1736 Szakmari

291 1791 452 1888 Gyergy
479 1791 581 1890 pe'csi
618 1795 769 1891 piispiik
810 1796 1004 1867 reos-ban
1043 1819 1065 1864 a
1100 1789 1215 1886 jeszoi
1256 1788 1480 1886 prepostsrig

290 1917 406 1991 select
435 1945 456 1992 a
486 1919 650 2014 kegyuri
685 1895 832 2014 jognak
859 1921 982 1992 Kassa
1019 1915 1198 1990 varosara
1237 1913 1480 1989 atruhazasat

290 2042 338 2116 Π.
381 2042 534 2116 Ulaszlri
580 2042 764 2138 kiralytdl
810 2045 848 2117 es
886 2070 908 2117 a
955 2040 1219 2137 megerdsitest
1265 2039 1312 2110 ll.
1354 2038 1480 2131 Gyula

290 2167 448 2265 pripeitdl
485 2171 749 2246 kieszkiiziilte.
787 2169 844 2242 Itt
881 2169 1032 2242 ktzlom
1069 2169 1191 2241 Kassa
1228 2165 1338 2238 vetros
1369 2161 1480 2235 level-

290 2292 442 2366 trireibdl
470 2320 491 2366 a
521 2294 589 2366 ket
618 2295 796 2368 okiratot.
824 2295 953 2367 Ehhez
982 2318 1055 2390 egy
1083 2291 1328 2365 harmadikat
1362 2295 1480 2361 csato-

291 2419 366 2508 lok,
395 2419 571 2512 melynek
602 2420 764 2514 erejencl
792 2420 906 2516 fogva
935 2420 1092 2492 avaros
1124 2419 1325 2504 leat-ben,
1363 2415 1479 2508 kegy-

289 2545 350 2618 uri
376 2544 467 2638 joga
504 2544 666 2638 alapjan,
704 2569 726 2616 a
761 2543 879 2639 jaszdi
915 2541 1183 2640 prepostsaigot
1220 2540 1351 2614 Balint
1397 2564 1479 2635 pre·

287 2669 451 2740 montrei
480 2670 739 2742 szcrzetesnek
768 2669 1049 2762 edomanyozta.

864 3007 906 3073 V.

745 3173 839 3232 reos.
863 3168 974 3250 junius
999 3157 1027 3231 92

287 3325 337 3390 ΙΙ.
366 3323 500 3391 Ulasalo'
530 3325 644 3410 lircilp
669 3326 816 3412 ojosrci
847 3329 1035 3410 prepostsdp
1067 3327 1164 3410 foldtt
1190 3313 1211 3392 o
1236 3328 1475 3410 eepporcsopot

625 3416 755 3482 ‘Kassa
778 3419 936 3482 adrosere
961 3415 1118 3481 moereo.

321 3609 325 3616 ·
394 3575 463 3640 Nos
488 3575 690 3640 Wladislaus
724 3574 787 3639 Dei
821 3577 932 3662 gracia
963 3597 1022 3640 rex
1054 3575 1228 3659 Hungarie
1262 3582 1295 3641 et
1318 3577 1473 3641 Bohemie

285 3671 346 3729 etc.
379 3665 539 3730 Memoris
571 3664 833 3730 commendamus
866 3672 979 3730 tenore
1011 3667 1214 3748 presencium
1251 3666 1473 3749 significantes

285 3754 406 3837 quibus
439 3755 570 3838 expedit
604 3754 771 3834 universis,
805 3755 892 3837 quod
923 3775 990 3834 nos,
1023 3755 1076 3818 cui
1108 3775 1147 3822 ex
1180 3763 1330 3839 suscepta
1354 3757 1473 3840 regalis

284 3843 411 3927 fastigii
434 3865 523 3925 cura,
546 3846 684 3909 interest
705 3844 910 3910 utilitatibus
926 3844 1136 3909 eeclesiarum
1152 3845 1331 3925 intendere,
1355 3846 1472 3910 devota

284 3934 500 3998 meditatione
523 3935 741 4017 ponderantes
764 3956 886 4012 curam,
919 3933 1174 3998 sollicitudinem
1197 3941 1231 3999 et
1255 3935 1472 4018 diligenciam,

284 4023 506 4106 pietatemque
530 4030 562 4088 et
586 4022 801 4103 affeccionem,
826 4023 945 4106 quibus
964 4024 1160 4089 reverendus
1179 4025 1213 4089 in
1228 4021 1361 4089 Christo
1377 4031 1472 4108 pater

284 4112 435 4177 dominus
468 4109 631 4195 Georgius
665 4113 831 4196 episcopus
864 4110 1219 4196 Quinqueeeclesiensis
1257 4115 1471 4180 cancellarius

283 4208 395 4267 noster
419 4208 478 4267 etc.
505 4201 609 4270 fidelis
642 4209 676 4266 et
707 4209 873 4285 compater
906 4211 1016 4268 noster
1047 4203 1171 4268 sincere
1204 4203 1350 4284 dilectus,
1384 4205 1471 4268 circe

282 4292 499 4374 provisionem
522 4291 740 4374 ecclesiarum,
775 4313 915 4374 quarum
938 4298 1116 4375 patronatu
1140 4292 1300 4377 fungitur,
1326 4294 1469 4358 intendit

282 4388 317 4445 et
340 4381 500 4464 invigilet,
524 4388 692 4464 sperantes
715 4403 755 4446 ex
778 4382 838 4446 hoc
861 4403 919 4464 per
944 4403 1019 4448 eum
1042 4383 1124 4446 tales
1140 4382 1174 4447 in
1201 4382 1346 4464 regimen
1370 4384 1469 4448 eccle-

282 4470 338 4551 sie,
369 4492 427 4553 per
450 4491 508 4535 nos
531 4470 705 4553 provisioni
729 4492 785 4535 sue
809 4471 978 4536 commisse
1003 4477 1036 4536 et
1061 4471 1193 4552 tradite,
1226 4471 1311 4556 eligi,
1343 4473 1401 4555 qui
1435 4480 1469 4536 et

281 4559 493 4644 amplitudini
526 4565 626 4643 atque
659 4561 858 4626 incremento
892 4560 1024 4626 ecclesie
1056 4560 1157 4644 ipsius
1190 4559 1407 4626 sufficientem
1431 4583 1469 4626 ec
