3472 5494
318 497 382 556 228
567 527 569 562 :
815 502 1004 556 0110111110

427 689 469 753 2⁰.
494 689 635 772 Propter
651 689 880 772 apostolatum,
903 709 940 752 ac
965 694 1158 771 perpetuam
1182 691 1387 773 legationem,
1403 713 1502 772 quam

317 780 472 845 Silvester
498 785 550 843 2118
569 779 765 861 apostolicae
798 779 882 842 sedis
915 780 1044 842 nomine
1079 779 1184 843 fertur
1210 780 1314 844 eidem
1338 802 1404 844 una
1428 801 1501 844 cum

319 870 504 934 diademate
528 869 621 951 regni
645 869 835 933 concessisse
860 889 945 932 anno
972 873 1066 932 1000.

427 958 469 1021 3⁰.
494 958 581 1040 Lege
598 957 776 1040 Tripartiti
791 958 816 1022 J
819 959 886 1022 uris
911 957 1097 1040 Hungarici
1113 980 1142 1040 p.
1170 963 1196 1020 1.
1222 960 1273 1023 tit.
1298 959 1363 1022 XI.
1380 959 1502 1023 adscri-

319 1049 416 1113 bente
440 1049 572 1130 regibus
597 1049 852 1112 nominationem
876 1047 917 1111 ad
942 1068 1051 1111 omnes
1075 1049 1279 1131 episcopatus
1303 1049 1403 1131 regni.

425 1142 470 1201 4⁰.
495 1136 633 1202 Asserto
649 1138 818 1220 privilegio
835 1137 976 1201 Martini
999 1138 1108 1219 quinti
1128 1159 1276 1202 concesso
1294 1135 1502 1219 Sigismundo

318 1229 416 1294 tertio
445 1227 642 1309 imperatori.

428 1317 470 1380 5⁰.
496 1317 548 1379 Ex
574 1317 667 1398 quasi
692 1317 889 1398 possessione
919 1337 1031 1398 regum
1059 1317 1249 1380 nominandi
1273 1317 1315 1379 ad
1340 1317 1503 1398 episcopa-

320 1415 390 1470 tum
416 1407 613 1471 Bosnensem
638 1426 741 1488 usque
765 1406 806 1469 ad
830 1405 1058 1487 pontificatum
1085 1406 1271 1470 Innocentii
1296 1405 1340 1468 X.

427 1498 470 1560 6⁰.
488 1493 573 1578 Quia
590 1496 795 1578 episcopatus
812 1496 940 1559 Bosnae
960 1502 1010 1559 est
1026 1494 1252 1578 suffraganeus
1269 1495 1502 1576 archiepiscopi

320 1585 504 1650 Oolocensis
528 1586 562 1648 in
587 1585 772 1668 Hungaria.

426 1675 490 1739 His
514 1682 625 1740 tamen
645 1675 777 1739 minime
801 1674 1018 1745 obstantibus,
1044 1675 1248 1756 episcopatus
1273 1675 1400 1738 Bosnae
1424 1673 1503 1736 dioi-

321 1773 376 1828 tur
400 1785 468 1828 esse
492 1764 614 1828 liberae
638 1765 830 1846 provisionis
854 1764 938 1828 sedis
955 1763 1160 1844 apostolicae,
1177 1764 1301 1847 absque
1317 1764 1385 1828 ulla
1402 1764 1504 1826 nomi·

319 1854 451 1918 natione
475 1855 566 1935 regia
589 1855 684 1918 iuxta
708 1855 914 1919 novissimam
937 1854 1151 1935 provisionem
1175 1853 1215 1918 de
1236 1853 1292 1916 1110
1316 1854 1437 1917 factam
1461 1853 1503 1915 ab

320 1944 513 2008 innocentio
528 1943 573 2006 Χ.
590 1944 623 2006 10
643 1965 781 2026 persona
804 1942 918 2007 fratris
942 1941 1097 2006 Alariani
1121 1943 1363 2007 Marohovischi
1388 1943 1503 2004 ultimo

320 2033 476 2098 defuncti.
498 2032 585 2096 Nam
606 2035 715 2115 quoad
738 2035 880 2116 primum
904 2033 1141 2096 advertendum
1165 2033 1275 2098 decem
1300 2034 1504 2115 episcopatus

320 2123 495 2187 dumtaxat
518 2123 727 2187 constituisse
752 2122 783 2188 S.
809 2121 1013 2204 Stephanum
1037 2122 1070 2185 in
1095 2121 1279 2202 Hungaria,
1304 2124 1345 2186 ab
1370 2123 1439 2204 ipso
1462 2121 1505 2184 ad

320 2211 446 2277 Christi
470 2211 567 2276 fidem
594 2213 756 2286 traducta,
791 2218 872 2276 teste
898 2212 1045 2295 episcopo
1069 2210 1248 2276 Carthusio
1271 2213 1305 2275 in
1329 2213 1397 2275 vita
1421 2210 1504 2274 eius·

321 2303 403 2381 dem,
434 2303 590 2384 impressa
610 2301 822 2366 Franoofurti
845 2322 932 2364 anno
960 2307 1044 2364 1600
1069 2322 1143 2365 cum
1167 2301 1266 2366 variis
1290 2300 1504 2383 scriptoribus

320 2402 430 2455 rerum
455 2391 724 2473 Hungaricarum
749 2393 805 2474 qui
834 2412 905 2473 pag.
941 2396 1003 2454 275
1038 2392 1083 2454 010
1116 2392 1233 2473 inquit.
1270 2391 1407 2454 »Postea
1430 2409 1504 2453 vero

320 2481 520 2563 provinciam
544 2481 578 2543 in
602 2480 712 2544 decem
737 2483 941 2564 episcopatus
965 2480 1146 2559 distribuit,
1180 2503 1319 2563 quorum
1343 2487 1505 2560 metropo-

320 2571 376 2634 lim
410 2576 443 2632 et
475 2572 668 2652 magistram
701 2571 804 2634 voluit
839 2591 906 2634 esse
941 2569 1213 2651 Strigoniensem:
1254 2592 1318 2634 non
1352 2571 1505 2651 ignorans

321 2667 433 2724 autem
450 2660 499 2722 vir
515 2659 658 2742 prudens
675 2658 803 2724 Astrici
822 2659 953 2724 abbatis
977 2660 1176 2741 religionem,
1201 2681 1274 2724 eum
1298 2657 1506 2724 Oolocensem

322 2749 494 2814 constituit
518 2749 673 2813 canonica
698 2750 854 2814 electione
878 2755 1034 2814 creatum.
1065 2749 1191 2813 Deinde
1216 2755 1334 2832 quarto
1359 2771 1378 2812 0
1401 2749 1505 2830 patris

321 2839 413 2902 obitu
448 2859 533 2902 anno
566 2838 723 2902 divinitus
756 2846 921 2921 permotus
955 2839 1093 2902 eundem
1119 2839 1291 2903 Astricum
1314 2838 1506 2921 praesulem,

322 2929 379 3011 qui
412 2929 510 2992 etiam
530 2926 730 2993 Anastasius
765 2929 872 2993 dictus
907 2935 963 3006 est,
997 2929 1039 2992 ad
1071 2951 1109 2992 00.
1143 2929 1361 3011 apostolorum
1393 2927 1507 2990 limina

322 3017 419 3097 misit,
453 3018 588 3082 aPetri
611 3019 833 3101 apostolorum
857 3019 1014 3100 principis
1047 3039 1229 3082 successore
1261 3019 1435 3100 petiturus
1469 3025 1506 3080 ut

322 3127 432 3171 recens
456 3128 627 3172 0011101000
651 3107 841 3172 Pannoniae
857 3109 982 3190 largam
999 3107 1507 3189 benedictionemimpertiretur,

323 3196 580 3279 Strigoniensem
606 3198 773 3263 ecclesiam
797 3220 856 3262 000
879 3199 1079 3261 00010111010
1102 3198 1306 3280 metropolim
1331 3197 1507 3260 0011011100-

323 3293 382 3365 ret,
407 3287 550 3369 reliquos
576 3288 739 3369 episcopos
763 3309 822 3351 000
846 3287 1072 3352 benedictione
1092 3289 1245 3366 muniret,
1265 3295 1297 3350 01
1317 3288 1423 3369 ipsum
1448 3285 1507 3348 du-

248 3374 249 3377 ’
323 3397 392 3438 00111
415 3378 504 3458 regio
529 3376 713 3441 diademate
744 3378 999 3441 cohonestaret«
1037 3376 1164 3440 Addito
1202 3398 1274 3458 pag.
1312 3382 1374 3439 272
1409 3396 1507 3457 prope

322 3465 429 3529 finem.
454 3467 549 3548 »lpse
577 3487 651 3530 vero
677 3488 734 3530 rex
758 3467 926 3530 inchoatos
951 3467 1164 3548 episcopatus,
1188 3466 1272 3530 idest
1298 3474 1364 3529 tam
1389 3472 1508 3528 metro-

323 3555 511 3636 politanam,
537 3576 637 3636 quam
661 3563 785 3620 ceteras
811 3555 1015 3619 cathedrales
1040 3555 1199 3634 ecclesias,
1221 3555 1420 3638 amplissima
1443 3555 1507 3617 sin·

324 3645 408 3727 gulis
432 3646 599 3728 assignata
623 3646 768 3721 dioecesi,
793 3653 825 3709 et
849 3645 965 3709 idoneo
989 3645 1153 3727 praefecto
1173 3645 1332 3722 antistite,
1356 3643 1507 3708 abbatias

324 3756 461 3817 quoque,
485 3734 636 3816 praediis.
660 3735 859 3814 cohortibus
882 3735 1015 3798 familiis
1040 3742 1073 3798 et
1090 3735 1275 3799 redditibus
1300 3736 1389 3816 regia
1413 3734 1508 3814 plane

324 3823 548 3888 munificentia
572 3825 767 3907 instruxit;«
799 3845 882 3907 quae
906 3825 1005 3888 verba
1028 3826 1061 3888 in
1087 3826 1198 3889 eadem
1215 3824 1282 3887 vita
1299 3823 1431 3906 repetiit
1448 3821 1509 3888 Su·

324 3915 392 3977 1100
410 3914 462 3977 die
481 3920 521 3978 20
538 3913 686 3994 Augusti
702 3937 774 3997 pag.
794 3920 856 3978 215
875 3915 934 3979 0011
955 3936 1040 3977 0001.
1060 3914 1096 3977 Τ.
1114 3922 1146 3978 01
1163 3916 1190 3978 Ι.
1208 3915 1299 3978 00100
1316 3915 1362 3977 101
1380 3935 1508 3976 110000-

324 4004 392 4066 lum
409 4003 442 4066 in
460 4025 576 4086 genere
594 4005 920 4069 11100111111Α11100100
932 4003 1103 4068 Bonfinius
1119 4026 1229 4068 rerum
1240 4003 1508 4086 Hungaricarum

325 4093 455 4156 Decede
476 4099 494 4158 2
514 4093 569 4158 lib.
587 4095 691 4174 primo
707 4116 779 4177 pag.
798 4095 877 4158 mihi
903 4099 965 4158 203
990 4093 1037 4157 1111
1064 4093 1213 4158 »Deinde
1238 4101 1275 4157 ut
1299 4094 1414 4174 dignas
1439 4091 1509 4155 Deo

325 4183 448 4263 gratias
472 4192 593 4264 ageret,
617 4191 649 4247 et
666 4185 747 4247 ovile
764 4205 893 4248 sacrum
909 4184 1096 4265 pastoribus
1116 4183 1304 4265 impositum
1321 4182 1508 4254 custodiret,

325 4271 366 4334 ad
391 4270 575 4336 fundandus
600 4274 804 4356 episcopatus
823 4275 969 4337 animum
993 4273 1145 4350 advertit,
1170 4281 1301 4336 etcum
1325 4271 1435 4334 natale
1460 4293 1509 4334 so-

323 4361 393 4423 10111
415 4370 556 4426 naturae
579 4363 650 4445 lege
678 4365 772 4427 unice
800 4363 961 4444 diligeret,
986 4361 1242 4445 strigoniensem
1266 4361 1300 4424 in
1324 4361 1436 4441 primis
1459 4382 1509 4424 ec-

325 4451 455 4514 clesiam
479 4453 592 4531 erexit,
617 4473 751 4535 eamque
775 4453 1060 4535 metropolitanam
1085 4453 1192 4516 sedem
1216 4472 1284 4514 esse
1300 4451 1403 4513 iussit.
1429 4450 1510 4514 Mox

326 4540 531 4605 Colocensem
557 4542 725 4606 basilicam
749 4542 877 4620 statuit,
904 4543 1039 4623 eiusque
1062 4540 1246 4624 pontificem
1266 4538 1437 4604 Astricum
1454 4539 1509 4603 de·

325 4632 475 4711 signavit.
493 4631 593 4695 Hunc
611 4637 728 4714 quarto
744 4637 817 4713 post
833 4632 959 4696 obitum
976 4632 1079 4712 patris
1096 4652 1180 4696 auno
1195 4630 1333 4694 Romam
1358 4629 1399 4693 ad
1424 4651 1510 4693 sum·
