<?xml version="1.0" encoding="UTF-8"?>
<!DOCTYPE html PUBLIC "-//W3C//DTD XHTML 1.0 Transitional//EN"
    "http://www.w3.org/TR/xhtml1/DTD/xhtml1-transitional.dtd">
<html xmlns="http://www.w3.org/1999/xhtml" xml:lang="en" lang="en">
 <head>
  <title>
</title>
<meta http-equiv="Content-Type" content="text/html;charset=utf-8" />
  <meta name='ocr-system' content='tesseract 3.04.00' />
  <meta name='ocr-capabilities' content='ocr_page ocr_carea ocr_par ocr_line ocrx_word'/>
</head>
<body>
  <div class='ocr_page' id='page_1' title='image "./oklevltramagyar00frakgoog_0228.png"; bbox 0 0 3458 5492; ppageno 0'>
   <div class='ocr_carea' id='block_1_1' title="bbox 456 459 1412 520">
    <p class='ocr_par' dir='ltr' id='par_1_1' title="bbox 456 459 1412 520">
     <span class='ocr_line' id='line_1_1' title="bbox 456 459 1412 520; baseline 0.004 -4"><span class='ocrx_word' id='word_1_1' title='bbox 456 480 474 516; x_wconf 82' lang='grc' dir='ltr'><strong>Δ</strong></span> <span class='ocrx_word' id='word_1_2' title='bbox 498 479 620 518; x_wconf 73' lang='lat' dir='ltr'><strong>Mauras</strong></span> <span class='ocrx_word' id='word_1_3' title='bbox 643 479 701 518; x_wconf 83' lang='lat' dir='ltr'>KIR·</span> <span class='ocrx_word' id='word_1_4' title='bbox 726 480 855 520; x_wconf 70' lang='lat' dir='ltr'><strong>tuorum</strong></span> <span class='ocrx_word' id='word_1_5' title='bbox 873 479 932 520; x_wconf 60' lang='lat' dir='ltr'><strong>,JOG</strong></span> <span class='ocrx_word' id='word_1_6' title='bbox 955 465 1183 519; x_wconf 63' lang='lat' dir='ltr'><strong>adstruiturdflssz.</strong></span> <span class='ocrx_word' id='word_1_7' title='bbox 1350 459 1412 520; x_wconf 77' lang='grc'><strong>195</strong></span> 
     </span>
    </p>
   </div>
   <div class='ocr_carea' id='block_1_2' title="bbox 227 649 1414 1166">
    <p class='ocr_par' dir='ltr' id='par_1_2' title="bbox 228 649 1413 806">
     <span class='ocr_line' id='line_1_2' title="bbox 230 649 1413 735; baseline 0.002 -19"><span class='ocrx_word' id='word_1_8' title='bbox 230 651 315 734; x_wconf 85' lang='lat' dir='ltr'><strong>regis</strong></span> <span class='ocrx_word' id='word_1_9' title='bbox 339 649 541 732; x_wconf 87' lang='lat' dir='ltr'><strong>Huugariae.</strong></span> <span class='ocrx_word' id='word_1_10' title='bbox 567 650 659 716; x_wconf 89' lang='lat' dir='ltr'><strong>Petit</strong></span> <span class='ocrx_word' id='word_1_11' title='bbox 682 649 745 716; x_wconf 92' lang='lat' dir='ltr'><strong>sibi</strong></span> <span class='ocrx_word' id='word_1_12' title='bbox 770 650 954 715; x_wconf 77' lang='lat' dir='ltr'><strong>transmitti</strong></span> <span class='ocrx_word' id='word_1_13' title='bbox 970 651 1122 732; x_wconf 88' lang='lat' dir='ltr'><strong>rationes,</strong></span> <span class='ocrx_word' id='word_1_14' title='bbox 1146 651 1264 735; x_wconf 91' lang='lat' dir='ltr'><strong>quibus</strong></span> <span class='ocrx_word' id='word_1_15' title='bbox 1284 673 1413 718; x_wconf 90' lang='lat' dir='ltr'><strong>causam</strong></span> 
     </span>
     <span class='ocr_line' id='line_1_3' title="bbox 228 739 662 806; baseline -0.005 0"><span class='ocrx_word' id='word_1_16' title='bbox 228 763 308 806; x_wconf 90' lang='lat' dir='ltr'><strong>suae</strong></span> <span class='ocrx_word' id='word_1_17' title='bbox 331 739 513 805; x_wconf 89' lang='lat' dir='ltr'><strong>maiestatis</strong></span> <span class='ocrx_word' id='word_1_18' title='bbox 538 740 662 806; x_wconf 73' lang='lat' dir='ltr'><strong>fulciat,</strong></span> 
     </span>
    </p>

    <p class='ocr_par' dir='ltr' id='par_1_3' title="bbox 227 827 1414 1166">
     <span class='ocr_line' id='line_1_4' title="bbox 337 827 1414 913; baseline 0 -17"><span class='ocrx_word' id='word_1_19' title='bbox 337 829 464 912; x_wconf 83' lang='lat' dir='ltr'><strong>Opinio.</strong></span> <span class='ocrx_word' id='word_1_20' title='bbox 489 830 668 895; x_wconf 83' lang='lat' dir='ltr'><strong>Habentur</strong></span> <span class='ocrx_word' id='word_1_21' title='bbox 691 852 769 913; x_wconf 92' lang='lat' dir='ltr'><strong>prae</strong></span> <span class='ocrx_word' id='word_1_22' title='bbox 786 827 937 894; x_wconf 91' lang='lat' dir='ltr'><strong>manibus</strong></span> <span class='ocrx_word' id='word_1_23' title='bbox 954 831 1096 895; x_wconf 90' lang='lat' dir='ltr'><strong>rationes</strong></span> <span class='ocrx_word' id='word_1_24' title='bbox 1113 831 1164 913; x_wconf 92' lang='lat' dir='ltr'><strong>pie</strong></span> <span class='ocrx_word' id='word_1_25' title='bbox 1181 831 1327 896; x_wconf 82' lang='lat' dir='ltr'><strong>defuncti</strong></span> <span class='ocrx_word' id='word_1_26' title='bbox 1344 853 1414 896; x_wconf 90' lang='lat' dir='ltr'><strong>car·</strong></span> 
     </span>
     <span class='ocr_line' id='line_1_5' title="bbox 228 919 1413 1003; baseline 0.002 -19"><span class='ocrx_word' id='word_1_27' title='bbox 228 920 348 984; x_wconf 90' lang='lat' dir='ltr'><strong>dinalis</strong></span> <span class='ocrx_word' id='word_1_28' title='bbox 381 919 547 1000; x_wconf 78' lang='lat' dir='ltr'><strong>Paemani,</strong></span> <span class='ocrx_word' id='word_1_29' title='bbox 581 941 671 1002; x_wconf 83' lang='lat' dir='ltr'><strong>quae,</strong></span> <span class='ocrx_word' id='word_1_30' title='bbox 701 921 727 984; x_wconf 90' lang='lat' dir='ltr'><strong>si</strong></span> <span class='ocrx_word' id='word_1_31' title='bbox 751 921 800 984; x_wconf 89' lang='lat' dir='ltr'><strong>ita</strong></span> <span class='ocrx_word' id='word_1_32' title='bbox 824 942 901 1000; x_wconf 86' lang='lat' dir='ltr'><strong>suae</strong></span> <span class='ocrx_word' id='word_1_33' title='bbox 925 919 1090 984; x_wconf 87' lang='lat' dir='ltr'><strong>maiestati</strong></span> <span class='ocrx_word' id='word_1_34' title='bbox 1121 921 1272 1003; x_wconf 83' lang='lat' dir='ltr'><strong>placeret,</strong></span> <span class='ocrx_word' id='word_1_35' title='bbox 1307 927 1413 986; x_wconf 90' lang='lat' dir='ltr'><strong>trans-</strong></span> 
     </span>
     <span class='ocr_line' id='line_1_6' title="bbox 228 1009 1413 1094; baseline 0.001 -19"><span class='ocrx_word' id='word_1_36' title='bbox 228 1012 318 1076; x_wconf 90' lang='lat' dir='ltr'><strong>mitti</strong></span> <span class='ocrx_word' id='word_1_37' title='bbox 351 1009 481 1074; x_wconf 89' lang='lat' dir='ltr'><strong>domino</strong></span> <span class='ocrx_word' id='word_1_38' title='bbox 514 1011 637 1075; x_wconf 89' lang='lat' dir='ltr'><strong>oratori</strong></span> <span class='ocrx_word' id='word_1_39' title='bbox 669 1017 843 1092; x_wconf 89' lang='lat' dir='ltr'><strong>opertoret,</strong></span> <span class='ocrx_word' id='word_1_40' title='bbox 877 1009 968 1074; x_wconf 89' lang='lat' dir='ltr'><strong>lectis</strong></span> <span class='ocrx_word' id='word_1_41' title='bbox 1001 1009 1143 1092; x_wconf 91' lang='lat' dir='ltr'><strong>primum</strong></span> <span class='ocrx_word' id='word_1_42' title='bbox 1168 1017 1201 1075; x_wconf 92' lang='lat' dir='ltr'><strong>et</strong></span> <span class='ocrx_word' id='word_1_43' title='bbox 1225 1013 1413 1094; x_wconf 89' lang='lat' dir='ltr'><strong>approbatis</strong></span> 
     </span>
     <span class='ocr_line' id='line_1_7' title="bbox 227 1100 597 1166; baseline 0.005 -4"><span class='ocrx_word' id='word_1_44' title='bbox 227 1101 267 1164; x_wconf 91' lang='lat' dir='ltr'><strong>iis</strong></span> <span class='ocrx_word' id='word_1_45' title='bbox 292 1121 393 1166; x_wconf 89' lang='lat' dir='ltr'><strong>asna</strong></span> <span class='ocrx_word' id='word_1_46' title='bbox 417 1100 597 1164; x_wconf 86' lang='lat' dir='ltr'><strong>maiestate.</strong></span> 
     </span>
    </p>
   </div>
   <div class='ocr_carea' id='block_1_3' title="bbox 335 1257 793 1322">
    <p class='ocr_par' dir='ltr' id='par_1_4' title="bbox 335 1257 793 1322">
     <span class='ocr_line' id='line_1_8' title="bbox 335 1257 793 1322; baseline -0.011 -10"><span class='ocrx_word' id='word_1_47' title='bbox 335 1261 370 1322; x_wconf 79' lang='lat' dir='ltr'><strong>(A</strong></span> <span class='ocrx_word' id='word_1_48' title='bbox 390 1258 464 1314; x_wconf 72' lang='lat' dir='ltr'><strong>etesi</strong></span> <span class='ocrx_word' id='word_1_49' title='bbox 484 1257 580 1311; x_wconf 75' lang='lat' dir='ltr'><strong>allami</strong></span> <span class='ocrx_word' id='word_1_50' title='bbox 600 1257 793 1317; x_wconf 74' lang='lat' dir='ltr'><strong>leveltarban.)</strong></span> 
     </span>
    </p>
   </div>
   <div class='ocr_carea' id='block_1_4' title="bbox 656 1491 983 1719">
    <p class='ocr_par' dir='ltr' id='par_1_5' title="bbox 656 1491 983 1719">
     <span class='ocr_line' id='line_1_9' title="bbox 756 1491 881 1560; baseline -0.032 0"><span class='ocrx_word' id='word_1_51' title='bbox 756 1491 881 1560; x_wconf 80' lang='lat' dir='ltr'><strong>OLIH.</strong></span> 
     </span>
     <span class='ocr_line' id='line_1_10' title="bbox 656 1653 983 1719; baseline 0 -1"><span class='ocrx_word' id='word_1_52' title='bbox 656 1659 749 1718; x_wconf 87' lang='grc'><strong>1639.</strong></span> <span class='ocrx_word' id='word_1_53' title='bbox 773 1653 908 1719; x_wconf 77' lang='lat' dir='ltr'><strong>februar</strong></span> <span class='ocrx_word' id='word_1_54' title='bbox 933 1659 983 1718; x_wconf 78' lang='lat'><strong>26.</strong></span> 
     </span>
    </p>
   </div>
   <div class='ocr_carea' id='block_1_5' title="bbox 223 1805 1409 2079">
    <p class='ocr_par' dir='ltr' id='par_1_6' title="bbox 223 1805 1409 2079">
     <span class='ocr_line' id='line_1_11' title="bbox 225 1805 1409 1899; baseline -0.002 -14"><span class='ocrx_word' id='word_1_55' title='bbox 225 1805 296 1885; x_wconf 85' lang='grc' dir='ltr'><strong>ΠΙ.</strong></span> <span class='ocrx_word' id='word_1_56' title='bbox 321 1816 523 1883; x_wconf 78' lang='lat' dir='ltr'><strong>Fordiariacl</strong></span> <span class='ocrx_word' id='word_1_57' title='bbox 555 1815 720 1899; x_wconf 72' lang='lat' dir='ltr'><strong>atepkttldt&#39;</strong></span> <span class='ocrx_word' id='word_1_58' title='bbox 753 1815 885 1882; x_wconf 68' lang='lat' dir='ltr'><strong>Boaacli</strong></span> <span class='ocrx_word' id='word_1_59' title='bbox 918 1815 1118 1898; x_wconf 68' lang='lat' dir='ltr'><strong>terceepaet</strong></span> <span class='ocrx_word' id='word_1_60' title='bbox 1142 1836 1163 1880; x_wconf 88' lang='lat' dir='ltr'><strong>o</strong></span> <span class='ocrx_word' id='word_1_61' title='bbox 1187 1816 1305 1880; x_wconf 80' lang='lat' dir='ltr'><strong>kiodat</strong></span> <span class='ocrx_word' id='word_1_62' title='bbox 1330 1818 1409 1883; x_wconf 82' lang='lat' dir='ltr'><strong>odo-</strong></span> 
     </span>
     <span class='ocr_line' id='line_1_12' title="bbox 223 1903 1408 1990; baseline -0.001 -18"><span class='ocrx_word' id='word_1_63' title='bbox 223 1911 313 1973; x_wconf 82' lang='lat' dir='ltr'><strong>tolot</strong></span> <span class='ocrx_word' id='word_1_64' title='bbox 336 1930 351 1971; x_wconf 77' lang='lat' dir='ltr'><strong>a</strong></span> <span class='ocrx_word' id='word_1_65' title='bbox 374 1907 537 1990; x_wconf 67' lang='lat' dir='ltr'><strong>mepbiaao</strong></span> <span class='ocrx_word' id='word_1_66' title='bbox 561 1910 600 1983; x_wconf 79' lang='lat' dir='ltr'><strong>dt,</strong></span> <span class='ocrx_word' id='word_1_67' title='bbox 625 1905 712 1988; x_wconf 67' lang='lat' dir='ltr'><strong>tarje</strong></span> <span class='ocrx_word' id='word_1_68' title='bbox 736 1903 782 1985; x_wconf 86' lang='lat' dir='ltr'><strong>fel</strong></span> <span class='ocrx_word' id='word_1_69' title='bbox 805 1926 826 1970; x_wconf 86' lang='lat' dir='ltr'><strong>o</strong></span> <span class='ocrx_word' id='word_1_70' title='bbox 846 1908 961 1986; x_wconf 80' lang='lat' dir='ltr'><strong>pcipdt,</strong></span> <span class='ocrx_word' id='word_1_71' title='bbox 994 1905 1076 1987; x_wconf 78' lang='lat' dir='ltr'><strong>bopp</strong></span> <span class='ocrx_word' id='word_1_72' title='bbox 1096 1925 1115 1970; x_wconf 88' lang='lat' dir='ltr'><strong>o</strong></span> <span class='ocrx_word' id='word_1_73' title='bbox 1134 1925 1273 1990; x_wconf 75' lang='lat' dir='ltr'><strong>maqyor</strong></span> <span class='ocrx_word' id='word_1_74' title='bbox 1298 1906 1408 1990; x_wconf 77' lang='lat' dir='ltr'><strong>birdlp</strong></span> 
     </span>
     <span class='ocr_line' id='line_1_13' title="bbox 282 1994 1355 2079; baseline -0.001 -17"><span class='ocrx_word' id='word_1_75' title='bbox 282 1998 486 2062; x_wconf 64' lang='lat' dir='ltr'><strong>sacrasacra</strong></span> <span class='ocrx_word' id='word_1_76' title='bbox 512 1997 672 2060; x_wconf 78' lang='lat' dir='ltr'><strong>keresatitl</strong></span> <span class='ocrx_word' id='word_1_77' title='bbox 693 1995 863 2078; x_wconf 78' lang='lat' dir='ltr'><strong>ppckorolt</strong></span> <span class='ocrx_word' id='word_1_78' title='bbox 880 1994 988 2078; x_wconf 77' lang='lat' dir='ltr'><strong>jopoit</strong></span> <span class='ocrx_word' id='word_1_79' title='bbox 1011 1996 1200 2060; x_wconf 79' lang='lat' dir='ltr'><strong>se&#39;rtetleal‘tl</strong></span> <span class='ocrx_word' id='word_1_80' title='bbox 1223 1995 1355 2079; x_wconf 75' lang='lat' dir='ltr'><strong>boppjo.</strong></span> 
     </span>
    </p>
   </div>
   <div class='ocr_carea' id='block_1_6' title="bbox 219 2154 1473 4106">
    <p class='ocr_par' dir='ltr' id='par_1_7' title="bbox 219 2154 1473 4016">
     <span class='ocr_line' id='line_1_14' title="bbox 330 2154 1408 2237; baseline -0.003 -16"><span class='ocrx_word' id='word_1_81' title='bbox 330 2157 564 2222; x_wconf 81' lang='lat' dir='ltr'><strong>Fordinandus</strong></span> <span class='ocrx_word' id='word_1_82' title='bbox 578 2162 638 2220; x_wconf 89' lang='lat' dir='ltr'><strong>etc.</strong></span> <span class='ocrx_word' id='word_1_83' title='bbox 652 2155 880 2220; x_wconf 77' lang='lat' dir='ltr'><strong>illustrissime</strong></span> <span class='ocrx_word' id='word_1_84' title='bbox 893 2155 1045 2237; x_wconf 90' lang='lat' dir='ltr'><strong>princeps</strong></span> <span class='ocrx_word' id='word_1_85' title='bbox 1061 2154 1166 2219; x_wconf 88' lang='lat' dir='ltr'><strong>fidelis</strong></span> <span class='ocrx_word' id='word_1_86' title='bbox 1180 2156 1273 2220; x_wconf 89' lang='lat' dir='ltr'><strong>nobis</strong></span> <span class='ocrx_word' id='word_1_87' title='bbox 1290 2156 1408 2220; x_wconf 89' lang='lat' dir='ltr'><strong>dilecte</strong></span> 
     </span>
     <span class='ocr_line' id='line_1_15' title="bbox 224 2244 1411 2327; baseline -0.004 -14"><span class='ocrx_word' id='word_1_88' title='bbox 224 2250 371 2313; x_wconf 87' lang='lat' dir='ltr'><strong>Litteras</strong></span> <span class='ocrx_word' id='word_1_89' title='bbox 405 2247 588 2312; x_wconf 86' lang='lat' dir='ltr'><strong>dilectionis</strong></span> <span class='ocrx_word' id='word_1_90' title='bbox 622 2253 699 2309; x_wconf 90' lang='lat' dir='ltr'><strong>tuae</strong></span> <span class='ocrx_word' id='word_1_91' title='bbox 733 2245 773 2308; x_wconf 93' lang='lat' dir='ltr'><strong>de</strong></span> <span class='ocrx_word' id='word_1_92' title='bbox 806 2246 883 2308; x_wconf 86' lang='lat' dir='ltr'><strong>dato</strong></span> <span class='ocrx_word' id='word_1_93' title='bbox 910 2249 949 2307; x_wconf 84' lang='lat'><strong>15</strong></span> <span class='ocrx_word' id='word_1_94' title='bbox 973 2244 1120 2327; x_wconf 85' lang='lat' dir='ltr'><strong>proxime</strong></span> <span class='ocrx_word' id='word_1_95' title='bbox 1144 2246 1265 2310; x_wconf 86' lang='lat' dir='ltr'><strong>evoluti</strong></span> <span class='ocrx_word' id='word_1_96' title='bbox 1293 2246 1411 2309; x_wconf 88' lang='lat' dir='ltr'><strong>mensis</strong></span> 
     </span>
     <span class='ocr_line' id='line_1_16' title="bbox 221 2335 1410 2418; baseline -0.003 -16"><span class='ocrx_word' id='word_1_97' title='bbox 221 2339 380 2403; x_wconf 79' lang='lat' dir='ltr'><strong>Januarii</strong></span> <span class='ocrx_word' id='word_1_98' title='bbox 404 2338 446 2401; x_wconf 94' lang='lat' dir='ltr'><strong>ad</strong></span> <span class='ocrx_word' id='word_1_99' title='bbox 470 2358 527 2400; x_wconf 90' lang='lat' dir='ltr'><strong>nos</strong></span> <span class='ocrx_word' id='word_1_100' title='bbox 551 2336 647 2399; x_wconf 87' lang='lat' dir='ltr'><strong>datas</strong></span> <span class='ocrx_word' id='word_1_101' title='bbox 670 2335 810 2416; x_wconf 83' lang='lat' dir='ltr'><strong>benigne</strong></span> <span class='ocrx_word' id='word_1_102' title='bbox 834 2335 1025 2416; x_wconf 86' lang='lat' dir='ltr'><strong>accepimus,</strong></span> <span class='ocrx_word' id='word_1_103' title='bbox 1049 2357 1088 2400; x_wconf 90' lang='lat' dir='ltr'><strong>ex</strong></span> <span class='ocrx_word' id='word_1_104' title='bbox 1111 2335 1290 2416; x_wconf 87' lang='lat' dir='ltr'><strong>iisdemque</strong></span> <span class='ocrx_word' id='word_1_105' title='bbox 1314 2357 1410 2418; x_wconf 84' lang='lat' dir='ltr'><strong>nego—</strong></span> 
     </span>
     <span class='ocr_line' id='line_1_17' title="bbox 224 2423 1409 2507; baseline -0.003 -15"><span class='ocrx_word' id='word_1_106' title='bbox 224 2430 308 2493; x_wconf 87' lang='lat' dir='ltr'><strong>tium</strong></span> <span class='ocrx_word' id='word_1_107' title='bbox 342 2429 469 2491; x_wconf 86' lang='lat' dir='ltr'><strong>raticne</strong></span> <span class='ocrx_word' id='word_1_108' title='bbox 502 2425 699 2490; x_wconf 85' lang='lat' dir='ltr'><strong>residentiae</strong></span> <span class='ocrx_word' id='word_1_109' title='bbox 731 2424 835 2488; x_wconf 92' lang='lat' dir='ltr'><strong>fidelis</strong></span> <span class='ocrx_word' id='word_1_110' title='bbox 868 2423 972 2488; x_wconf 91' lang='lat' dir='ltr'><strong>nostri</strong></span> <span class='ocrx_word' id='word_1_111' title='bbox 996 2424 1136 2507; x_wconf 89' lang='lat' dir='ltr'><strong>episcopi</strong></span> <span class='ocrx_word' id='word_1_112' title='bbox 1160 2425 1333 2507; x_wconf 83' lang='lat' dir='ltr'><strong>Agriensis</strong></span> <span class='ocrx_word' id='word_1_113' title='bbox 1356 2445 1409 2488; x_wconf 84' lang='lat' dir='ltr'><strong>ex·</strong></span> 
     </span>
     <span class='ocr_line' id='line_1_18' title="bbox 224 2514 1409 2600; baseline -0.003 -18"><span class='ocrx_word' id='word_1_114' title='bbox 224 2526 278 2582; x_wconf 89' lang='lat' dir='ltr'><strong>tra</strong></span> <span class='ocrx_word' id='word_1_115' title='bbox 301 2517 523 2600; x_wconf 88' lang='lat' dir='ltr'><strong>episcopatum</strong></span> <span class='ocrx_word' id='word_1_116' title='bbox 547 2536 651 2594; x_wconf 89' lang='lat' dir='ltr'><strong>suum,</strong></span> <span class='ocrx_word' id='word_1_117' title='bbox 672 2514 834 2580; x_wconf 88' lang='lat' dir='ltr'><strong>directum</strong></span> <span class='ocrx_word' id='word_1_118' title='bbox 858 2534 925 2578; x_wconf 89' lang='lat' dir='ltr'><strong>esse</strong></span> <span class='ocrx_word' id='word_1_119' title='bbox 948 2514 992 2577; x_wconf 90' lang='lat' dir='ltr'><strong>ad</strong></span> <span class='ocrx_word' id='word_1_120' title='bbox 1015 2515 1167 2578; x_wconf 87' lang='lat' dir='ltr'><strong>nuntium</strong></span> <span class='ocrx_word' id='word_1_121' title='bbox 1197 2514 1409 2597; x_wconf 88' lang='lat' dir='ltr'><strong>apostolicum</strong></span> 
     </span>
     <span class='ocr_line' id='line_1_19' title="bbox 221 2602 1409 2690; baseline -0.002 -18"><span class='ocrx_word' id='word_1_122' title='bbox 221 2631 280 2690; x_wconf 91' lang='lat' dir='ltr'><strong>pro</strong></span> <span class='ocrx_word' id='word_1_123' title='bbox 314 2605 560 2683; x_wconf 71' lang='lat' dir='ltr'><strong>informatione,</strong></span> <span class='ocrx_word' id='word_1_124' title='bbox 602 2611 672 2668; x_wconf 88' lang='lat' dir='ltr'><strong>tum</strong></span> <span class='ocrx_word' id='word_1_125' title='bbox 705 2603 805 2667; x_wconf 90' lang='lat' dir='ltr'><strong>etiam</strong></span> <span class='ocrx_word' id='word_1_126' title='bbox 839 2602 1069 2668; x_wconf 85' lang='lat' dir='ltr'><strong>difficultatem</strong></span> <span class='ocrx_word' id='word_1_127' title='bbox 1103 2603 1189 2668; x_wconf 85' lang='lat' dir='ltr'><strong>circa</strong></span> <span class='ocrx_word' id='word_1_128' title='bbox 1223 2603 1409 2670; x_wconf 84' lang='lat' dir='ltr'><strong>collationes</strong></span> 
     </span>
     <span class='ocr_line' id='line_1_20' title="bbox 221 2693 1407 2780; baseline -0.003 -19"><span class='ocrx_word' id='word_1_129' title='bbox 221 2699 467 2780; x_wconf 85' lang='lat' dir='ltr'><strong>episcopatuum</strong></span> <span class='ocrx_word' id='word_1_130' title='bbox 501 2693 688 2759; x_wconf 90' lang='lat' dir='ltr'><strong>titularium</strong></span> <span class='ocrx_word' id='word_1_131' title='bbox 722 2694 756 2756; x_wconf 90' lang='lat' dir='ltr'><strong>iu</strong></span> <span class='ocrx_word' id='word_1_132' title='bbox 789 2713 889 2774; x_wconf 84' lang='lat' dir='ltr'><strong>regno</strong></span> <span class='ocrx_word' id='word_1_133' title='bbox 922 2699 1034 2757; x_wconf 89' lang='lat' dir='ltr'><strong>nostro</strong></span> <span class='ocrx_word' id='word_1_134' title='bbox 1067 2693 1261 2771; x_wconf 74' lang='lat' dir='ltr'><strong>Hnngariae</strong></span> <span class='ocrx_word' id='word_1_135' title='bbox 1290 2693 1407 2758; x_wconf 79' lang='lat' dir='ltr'><strong>Turcis</strong></span> 
     </span>
     <span class='ocr_line' id='line_1_21' title="bbox 220 2782 1408 2870; baseline -0.003 -20"><span class='ocrx_word' id='word_1_136' title='bbox 220 2789 368 2870; x_wconf 91' lang='lat' dir='ltr'><strong>alioquin</strong></span> <span class='ocrx_word' id='word_1_137' title='bbox 400 2786 630 2868; x_wconf 84' lang='lat' dir='ltr'><strong>subjectorum,</strong></span> <span class='ocrx_word' id='word_1_138' title='bbox 664 2783 697 2846; x_wconf 92' lang='lat' dir='ltr'><strong>in</strong></span> <span class='ocrx_word' id='word_1_139' title='bbox 731 2783 804 2849; x_wconf 86' lang='lat' dir='ltr'><strong>sede</strong></span> <span class='ocrx_word' id='word_1_140' title='bbox 842 2782 1020 2864; x_wconf 90' lang='lat' dir='ltr'><strong>apostolica</strong></span> <span class='ocrx_word' id='word_1_141' title='bbox 1052 2783 1172 2848; x_wconf 89' lang='lat' dir='ltr'><strong>iterato</strong></span> <span class='ocrx_word' id='word_1_142' title='bbox 1209 2789 1331 2848; x_wconf 90' lang='lat' dir='ltr'><strong>motam</strong></span> <span class='ocrx_word' id='word_1_143' title='bbox 1370 2803 1408 2846; x_wconf 87' lang='lat' dir='ltr'><strong>ac</strong></span> 
     </span>
     <span class='ocr_line' id='line_1_22' title="bbox 221 2869 1408 2960; baseline -0.003 -19"><span class='ocrx_word' id='word_1_144' title='bbox 221 2879 384 2960; x_wconf 84' lang='lat' dir='ltr'><strong>vigentem</strong></span> <span class='ocrx_word' id='word_1_145' title='bbox 408 2875 635 2938; x_wconf 87' lang='lat' dir='ltr'><strong>intelleximus.</strong></span> <span class='ocrx_word' id='word_1_146' title='bbox 670 2869 786 2954; x_wconf 80' lang='lat' dir='ltr'><strong>Quoad</strong></span> <span class='ocrx_word' id='word_1_147' title='bbox 811 2871 891 2934; x_wconf 89' lang='lat' dir='ltr'><strong>dicti</strong></span> <span class='ocrx_word' id='word_1_148' title='bbox 916 2871 1056 2954; x_wconf 87' lang='lat' dir='ltr'><strong>episcopi</strong></span> <span class='ocrx_word' id='word_1_149' title='bbox 1080 2872 1291 2938; x_wconf 89' lang='lat' dir='ltr'><strong>residentiam</strong></span> <span class='ocrx_word' id='word_1_150' title='bbox 1315 2893 1408 2954; x_wconf 91' lang='lat' dir='ltr'><strong>prae·</strong></span> 
     </span>
     <span class='ocr_line' id='line_1_23' title="bbox 222 2961 1407 3043; baseline -0.003 -13"><span class='ocrx_word' id='word_1_151' title='bbox 222 2967 328 3030; x_wconf 79' lang='lat' dir='ltr'><strong>satum</strong></span> <span class='ocrx_word' id='word_1_152' title='bbox 360 2965 513 3029; x_wconf 89' lang='lat' dir='ltr'><strong>nuntium</strong></span> <span class='ocrx_word' id='word_1_153' title='bbox 538 2963 577 3027; x_wconf 90' lang='lat' dir='ltr'><strong>de</strong></span> <span class='ocrx_word' id='word_1_154' title='bbox 602 2961 711 3027; x_wconf 90' lang='lat' dir='ltr'><strong>danda</strong></span> <span class='ocrx_word' id='word_1_155' title='bbox 743 2962 894 3043; x_wconf 90' lang='lat' dir='ltr'><strong>opinione</strong></span> <span class='ocrx_word' id='word_1_156' title='bbox 919 2983 978 3026; x_wconf 91' lang='lat' dir='ltr'><strong>sua</strong></span> <span class='ocrx_word' id='word_1_157' title='bbox 1004 2962 1170 3026; x_wconf 88' lang='lat' dir='ltr'><strong>admoueri</strong></span> <span class='ocrx_word' id='word_1_158' title='bbox 1204 2963 1407 3039; x_wconf 74' lang='lat' dir='ltr'><strong>curavimus,</strong></span> 
     </span>
     <span class='ocr_line' id='line_1_24' title="bbox 220 3051 1408 3138; baseline -0.003 -18"><span class='ocrx_word' id='word_1_159' title='bbox 220 3079 278 3138; x_wconf 90' lang='lat' dir='ltr'><strong>pro</strong></span> <span class='ocrx_word' id='word_1_160' title='bbox 311 3055 434 3120; x_wconf 90' lang='lat' dir='ltr'><strong>tuenda</strong></span> <span class='ocrx_word' id='word_1_161' title='bbox 466 3060 577 3117; x_wconf 91' lang='lat' dir='ltr'><strong>autem</strong></span> <span class='ocrx_word' id='word_1_162' title='bbox 608 3058 641 3116; x_wconf 93' lang='lat' dir='ltr'><strong>et</strong></span> <span class='ocrx_word' id='word_1_163' title='bbox 676 3051 841 3116; x_wconf 86' lang='lat' dir='ltr'><strong>fulcienda</strong></span> <span class='ocrx_word' id='word_1_164' title='bbox 874 3051 1152 3132; x_wconf 85' lang='lat' dir='ltr'><strong>jurispatronatus</strong></span> <span class='ocrx_word' id='word_1_165' title='bbox 1183 3051 1288 3116; x_wconf 90' lang='lat' dir='ltr'><strong>nostri</strong></span> <span class='ocrx_word' id='word_1_166' title='bbox 1325 3053 1408 3134; x_wconf 82' lang='lat' dir='ltr'><strong>regii</strong></span> 
     </span>
     <span class='ocr_line' id='line_1_25' title="bbox 220 3140 1408 3230; baseline -0.005 -20"><span class='ocrx_word' id='word_1_167' title='bbox 220 3145 448 3230; x_wconf 84' lang='lat' dir='ltr'><strong>praerogativa</strong></span> <span class='ocrx_word' id='word_1_168' title='bbox 471 3143 614 3207; x_wconf 89' lang='lat' dir='ltr'><strong>rationes</strong></span> <span class='ocrx_word' id='word_1_169' title='bbox 638 3141 762 3204; x_wconf 86' lang='lat' dir='ltr'><strong>validas</strong></span> <span class='ocrx_word' id='word_1_170' title='bbox 786 3147 819 3205; x_wconf 91' lang='lat' dir='ltr'><strong>et</strong></span> <span class='ocrx_word' id='word_1_171' title='bbox 842 3140 940 3204; x_wconf 90' lang='lat' dir='ltr'><strong>simul</strong></span> <span class='ocrx_word' id='word_1_172' title='bbox 964 3141 1187 3223; x_wconf 88' lang='lat' dir='ltr'><strong>transscripta,</strong></span> <span class='ocrx_word' id='word_1_173' title='bbox 1212 3147 1284 3206; x_wconf 91' lang='lat' dir='ltr'><strong>tum</strong></span> <span class='ocrx_word' id='word_1_174' title='bbox 1308 3142 1408 3204; x_wconf 89' lang='lat' dir='ltr'><strong>etiam</strong></span> 
     </span>
     <span class='ocr_line' id='line_1_26' title="bbox 220 3229 1406 3318; baseline -0.004 -19"><span class='ocrx_word' id='word_1_175' title='bbox 220 3257 259 3300; x_wconf 86' lang='lat' dir='ltr'><strong>ex</strong></span> <span class='ocrx_word' id='word_1_176' title='bbox 283 3256 416 3318; x_wconf 89' lang='lat' dir='ltr'><strong>corpore</strong></span> <span class='ocrx_word' id='word_1_177' title='bbox 439 3232 522 3315; x_wconf 85' lang='lat' dir='ltr'><strong>juris</strong></span> <span class='ocrx_word' id='word_1_178' title='bbox 547 3229 706 3312; x_wconf 84' lang='lat' dir='ltr'><strong>Ungarici</strong></span> <span class='ocrx_word' id='word_1_179' title='bbox 729 3230 887 3294; x_wconf 91' lang='lat' dir='ltr'><strong>nonnulla</strong></span> <span class='ocrx_word' id='word_1_180' title='bbox 910 3230 1099 3312; x_wconf 88' lang='lat' dir='ltr'><strong>antiquiora</strong></span> <span class='ocrx_word' id='word_1_181' title='bbox 1114 3252 1152 3295; x_wconf 91' lang='lat' dir='ltr'><strong>ac</strong></span> <span class='ocrx_word' id='word_1_182' title='bbox 1167 3230 1300 3312; x_wconf 89' lang='lat' dir='ltr'><strong>publica</strong></span> <span class='ocrx_word' id='word_1_183' title='bbox 1324 3231 1406 3294; x_wconf 88' lang='lat' dir='ltr'><strong>eius-</strong></span> 
     </span>
     <span class='ocr_line' id='line_1_27' title="bbox 221 3319 1405 3406; baseline -0.005 -17"><span class='ocrx_word' id='word_1_184' title='bbox 221 3325 294 3388; x_wconf 89' lang='lat' dir='ltr'><strong>dem</strong></span> <span class='ocrx_word' id='word_1_185' title='bbox 318 3324 411 3406; x_wconf 84' lang='lat' dir='ltr'><strong>regni</strong></span> <span class='ocrx_word' id='word_1_186' title='bbox 434 3329 562 3387; x_wconf 89' lang='lat' dir='ltr'><strong>statuta</strong></span> <span class='ocrx_word' id='word_1_187' title='bbox 586 3327 620 3384; x_wconf 92' lang='lat' dir='ltr'><strong>et</strong></span> <span class='ocrx_word' id='word_1_188' title='bbox 643 3320 774 3384; x_wconf 84' lang='lat' dir='ltr'><strong>decreta</strong></span> <span class='ocrx_word' id='word_1_189' title='bbox 809 3320 975 3384; x_wconf 86' lang='lat' dir='ltr'><strong>dilectioni</strong></span> <span class='ocrx_word' id='word_1_190' title='bbox 1000 3326 1076 3384; x_wconf 90' lang='lat' dir='ltr'><strong>tuae</strong></span> <span class='ocrx_word' id='word_1_191' title='bbox 1099 3319 1326 3402; x_wconf 88' lang='lat' dir='ltr'><strong>praesentibus</strong></span> <span class='ocrx_word' id='word_1_192' title='bbox 1349 3343 1405 3384; x_wconf 91' lang='lat' dir='ltr'><strong>an·</strong></span> 
     </span>
     <span class='ocr_line' id='line_1_28' title="bbox 219 3408 1473 3492; baseline -0.002 -15"><span class='ocrx_word' id='word_1_193' title='bbox 219 3435 304 3478; x_wconf 85' lang='lat' dir='ltr'><strong>nexa</strong></span> <span class='ocrx_word' id='word_1_194' title='bbox 337 3413 601 3490; x_wconf 88' lang='lat' dir='ltr'><strong>transmittimus,</strong></span> <span class='ocrx_word' id='word_1_195' title='bbox 636 3416 673 3472; x_wconf 92' lang='lat' dir='ltr'><strong>ut</strong></span> <span class='ocrx_word' id='word_1_196' title='bbox 706 3431 765 3492; x_wconf 91' lang='lat' dir='ltr'><strong>pro</strong></span> <span class='ocrx_word' id='word_1_197' title='bbox 789 3431 848 3474; x_wconf 88' lang='lat' dir='ltr'><strong>sua</strong></span> <span class='ocrx_word' id='word_1_198' title='bbox 871 3409 1048 3491; x_wconf 91' lang='lat' dir='ltr'><strong>prudentia</strong></span> <span class='ocrx_word' id='word_1_199' title='bbox 1072 3410 1129 3474; x_wconf 93' lang='lat' dir='ltr'><strong>ubi</strong></span> <span class='ocrx_word' id='word_1_200' title='bbox 1155 3430 1235 3492; x_wconf 91' lang='lat' dir='ltr'><strong>opus</strong></span> <span class='ocrx_word' id='word_1_201' title='bbox 1259 3410 1344 3472; x_wconf 84' lang='lat' dir='ltr'><strong>foret</strong></span> <span class='ocrx_word' id='word_1_202' title='bbox 1369 3431 1406 3474; x_wconf 87' lang='lat' dir='ltr'><strong>ea</strong></span> <span class='ocrx_word' id='word_1_203' title='bbox 1468 3408 1473 3430; x_wconf 70' lang='lat'><em>³</em></span> 
     </span>
     <span class='ocr_line' id='line_1_29' title="bbox 220 3499 1404 3587; baseline -0.004 -20"><span class='ocrx_word' id='word_1_204' title='bbox 220 3510 430 3587; x_wconf 88' lang='lat' dir='ltr'><strong>praesentare</strong></span> <span class='ocrx_word' id='word_1_205' title='bbox 462 3502 579 3584; x_wconf 69' lang='lat' dir='ltr'><strong>possit,</strong></span> <span class='ocrx_word' id='word_1_206' title='bbox 619 3500 764 3581; x_wconf 88' lang='lat' dir='ltr'><strong>rogando</strong></span> <span class='ocrx_word' id='word_1_207' title='bbox 806 3500 918 3563; x_wconf 89' lang='lat' dir='ltr'><strong>debita</strong></span> <span class='ocrx_word' id='word_1_208' title='bbox 951 3501 1157 3563; x_wconf 87' lang='lat' dir='ltr'><strong>veneratione</strong></span> <span class='ocrx_word' id='word_1_209' title='bbox 1196 3499 1404 3562; x_wconf 90' lang='lat' dir='ltr'><strong>sanctitatem</strong></span> 
     </span>
     <span class='ocr_line' id='line_1_30' title="bbox 223 3589 1406 3672; baseline -0.004 -15"><span class='ocrx_word' id='word_1_210' title='bbox 223 3615 324 3672; x_wconf 88' lang='lat' dir='ltr'><strong>suam,</strong></span> <span class='ocrx_word' id='word_1_211' title='bbox 349 3614 389 3656; x_wconf 92' lang='lat' dir='ltr'><strong>ne</strong></span> <span class='ocrx_word' id='word_1_212' title='bbox 413 3598 463 3656; x_wconf 93' lang='lat' dir='ltr'><strong>tot</strong></span> <span class='ocrx_word' id='word_1_213' title='bbox 487 3591 632 3655; x_wconf 88' lang='lat' dir='ltr'><strong>centenis</strong></span> <span class='ocrx_word' id='word_1_214' title='bbox 656 3590 750 3652; x_wconf 90' lang='lat' dir='ltr'><strong>annis</strong></span> <span class='ocrx_word' id='word_1_215' title='bbox 783 3590 1010 3652; x_wconf 87' lang='lat' dir='ltr'><strong>continuatum</strong></span> <span class='ocrx_word' id='word_1_216' title='bbox 1033 3590 1084 3671; x_wconf 88' lang='lat' dir='ltr'><strong>jus</strong></span> <span class='ocrx_word' id='word_1_217' title='bbox 1108 3589 1233 3671; x_wconf 83' lang='lat' dir='ltr'><strong>regium</strong></span> <span class='ocrx_word' id='word_1_218' title='bbox 1264 3589 1406 3652; x_wconf 89' lang='lat' dir='ltr'><strong>alterare</strong></span> 
     </span>
     <span class='ocr_line' id='line_1_31' title="bbox 222 3679 1406 3761; baseline -0.003 -15"><span class='ocrx_word' id='word_1_219' title='bbox 222 3684 308 3760; x_wconf 86' lang='lat' dir='ltr'><strong>velit,</strong></span> <span class='ocrx_word' id='word_1_220' title='bbox 342 3705 413 3746; x_wconf 89' lang='lat' dir='ltr'><strong>curn</strong></span> <span class='ocrx_word' id='word_1_221' title='bbox 449 3681 541 3744; x_wconf 90' lang='lat' dir='ltr'><strong>nobis</strong></span> <span class='ocrx_word' id='word_1_222' title='bbox 565 3681 734 3761; x_wconf 80' lang='lat' dir='ltr'><strong>integrum,</strong></span> <span class='ocrx_word' id='word_1_223' title='bbox 754 3701 818 3743; x_wconf 90' lang='lat' dir='ltr'><strong>non</strong></span> <span class='ocrx_word' id='word_1_224' title='bbox 842 3680 885 3742; x_wconf 92' lang='lat' dir='ltr'><strong>sit</strong></span> <span class='ocrx_word' id='word_1_225' title='bbox 908 3679 1036 3760; x_wconf 84' lang='lat' dir='ltr'><strong>juribus</strong></span> <span class='ocrx_word' id='word_1_226' title='bbox 1060 3699 1195 3742; x_wconf 88' lang='lat' dir='ltr'><strong>coronae</strong></span> <span class='ocrx_word' id='word_1_227' title='bbox 1218 3684 1350 3742; x_wconf 89' lang='lat' dir='ltr'><strong>nostrae</strong></span> <span class='ocrx_word' id='word_1_228' title='bbox 1373 3685 1406 3744; x_wconf 87' lang='lat' dir='ltr'><strong>et</strong></span> 
     </span>
     <span class='ocr_line' id='line_1_32' title="bbox 220 3767 1405 3854; baseline -0.005 -18"><span class='ocrx_word' id='word_1_229' title='bbox 220 3773 312 3854; x_wconf 82' lang='lat' dir='ltr'><strong>regni</strong></span> <span class='ocrx_word' id='word_1_230' title='bbox 346 3772 509 3854; x_wconf 85' lang='lat' dir='ltr'><strong>derogare.</strong></span> <span class='ocrx_word' id='word_1_231' title='bbox 543 3768 605 3834; x_wconf 84' lang='lat' dir='ltr'><strong>Oui</strong></span> <span class='ocrx_word' id='word_1_232' title='bbox 639 3773 766 3834; x_wconf 89' lang='lat' dir='ltr'><strong>caetero</strong></span> <span class='ocrx_word' id='word_1_233' title='bbox 800 3768 908 3850; x_wconf 84' lang='lat' dir='ltr'><strong>gratia</strong></span> <span class='ocrx_word' id='word_1_234' title='bbox 942 3775 1053 3832; x_wconf 88' lang='lat' dir='ltr'><strong>nostra</strong></span> <span class='ocrx_word' id='word_1_235' title='bbox 1086 3789 1235 3832; x_wconf 86' lang='lat' dir='ltr'><strong>caesarea</strong></span> <span class='ocrx_word' id='word_1_236' title='bbox 1260 3773 1292 3830; x_wconf 89' lang='lat' dir='ltr'><strong>et</strong></span> <span class='ocrx_word' id='word_1_237' title='bbox 1316 3767 1405 3849; x_wconf 84' lang='lat' dir='ltr'><strong>regia</strong></span> 
     </span>
     <span class='ocr_line' id='line_1_33' title="bbox 219 3857 1403 3926; baseline -0.006 0"><span class='ocrx_word' id='word_1_238' title='bbox 219 3864 395 3926; x_wconf 87' lang='lat' dir='ltr'><strong>clementer</strong></span> <span class='ocrx_word' id='word_1_239' title='bbox 429 3867 565 3924; x_wconf 87' lang='lat' dir='ltr'><strong>constat.</strong></span> <span class='ocrx_word' id='word_1_240' title='bbox 600 3858 724 3922; x_wconf 89' lang='lat' dir='ltr'><strong>Datum</strong></span> <span class='ocrx_word' id='word_1_241' title='bbox 758 3857 792 3921; x_wconf 91' lang='lat' dir='ltr'><strong>in</strong></span> <span class='ocrx_word' id='word_1_242' title='bbox 824 3857 958 3922; x_wconf 89' lang='lat' dir='ltr'><strong>civitate</strong></span> <span class='ocrx_word' id='word_1_243' title='bbox 991 3863 1104 3924; x_wconf 88' lang='lat' dir='ltr'><strong>nostra</strong></span> <span class='ocrx_word' id='word_1_244' title='bbox 1127 3857 1256 3923; x_wconf 89' lang='lat' dir='ltr'><strong>Vienna</strong></span> <span class='ocrx_word' id='word_1_245' title='bbox 1285 3857 1337 3920; x_wconf 92' lang='lat' dir='ltr'><strong>die</strong></span> <span class='ocrx_word' id='word_1_246' title='bbox 1363 3861 1403 3920; x_wconf 78' lang='lat'><strong>26</strong></span> 
     </span>
     <span class='ocr_line' id='line_1_34' title="bbox 219 3951 518 4016; baseline -0.013 0"><span class='ocrx_word' id='word_1_247' title='bbox 219 3951 395 4016; x_wconf 83' lang='lat' dir='ltr'><strong>Februarii</strong></span> <span class='ocrx_word' id='word_1_248' title='bbox 425 3956 518 4013; x_wconf 78' lang='lat'><strong>1639.</strong></span> 
     </span>
    </p>

    <p class='ocr_par' dir='ltr' id='par_1_8' title="bbox 224 4039 622 4106">
     <span class='ocr_line' id='line_1_35' title="bbox 224 4039 622 4106; baseline -0.01 0"><span class='ocrx_word' id='word_1_249' title='bbox 224 4099 227 4106; x_wconf 94' lang='grc'><em>,</em></span> <span class='ocrx_word' id='word_1_250' title='bbox 326 4040 460 4106; x_wconf 87' lang='lat' dir='ltr'><strong>Oratori</strong></span> <span class='ocrx_word' id='word_1_251' title='bbox 485 4039 622 4103; x_wconf 83' lang='lat' dir='ltr'><strong>Bozzoli.</strong></span> 
     </span>
    </p>
   </div>
   <div class='ocr_carea' id='block_1_7' title="bbox 240 4195 784 4279">
    <p class='ocr_par' dir='ltr' id='par_1_9' title="bbox 240 4195 784 4279">
     <span class='ocr_line' id='line_1_36' title="bbox 240 4195 784 4279; baseline -0.007 -29"><span class='ocrx_word' id='word_1_252' title='bbox 240 4271 243 4279; x_wconf 33' lang='grc' dir='ltr'>Ι</span> <span class='ocrx_word' id='word_1_253' title='bbox 326 4202 360 4262; x_wconf 88' lang='grc' dir='ltr'><strong>(Α</strong></span> <span class='ocrx_word' id='word_1_254' title='bbox 381 4197 455 4250; x_wconf 74' lang='lat' dir='ltr'><strong>bessi</strong></span> <span class='ocrx_word' id='word_1_255' title='bbox 475 4195 571 4249; x_wconf 77' lang='lat' dir='ltr'><strong>allami</strong></span> <span class='ocrx_word' id='word_1_256' title='bbox 592 4197 784 4257; x_wconf 76' lang='lat' dir='ltr'><strong>leve&#39;ltarban.)</strong></span> 
     </span>
    </p>
   </div>
   <div class='ocr_carea' id='block_1_8' title="bbox 0 0 1734 5492">
    <p class='ocr_par' dir='ltr' id='par_1_10' title="bbox 0 0 1734 5492">
     <span class='ocr_line' id='line_1_37' title="bbox 0 0 1734 5492; baseline 0 3"><span class='ocrx_word' id='word_1_257' title='bbox 0 0 1734 5492; x_wconf 95' lang='lat' dir='ltr'><strong> </strong></span> 
     </span>
    </p>
   </div>
  </div>
 </body>
</html>
