3458 5492
456 458 475 495 n
499 457 620 496 risoris
646 457 704 495 nra.
728 457 859 496 reorum
882 457 935 496 roo
959 445 1188 498 concucurrisse.
1255 513 1256 518 ἵ
1375 440 1416 498 35

232 629 402 694 humiliter
435 628 648 711 supplicatur,
673 635 711 691 ut
734 627 774 692 de
804 629 1008 712 plenitudine
1039 633 1211 713 potestatis
1235 633 1418 714 apostolice,

233 721 363 784 fructus
386 725 419 782 et
444 724 620 800 proventus
646 738 856 801 quoscunque
873 742 931 802 per
950 720 1151 802 Mathonem,
1175 720 1362 786 Johannem
1386 731 1418 786 ct

234 809 446 874 Frankonem
478 808 642 890 predictos
676 807 754 870 dum
785 811 932 873 viverent
954 816 1130 893 perceptos,
1158 817 1191 874 et
1215 813 1250 874 in
1273 814 1418 894 proprios

236 921 313 963 usus
337 899 386 961 vel
419 898 499 962 alias
532 897 774 980 quomodolibet
798 899 1001 979 distributos,
1026 900 1125 964 etiam
1148 922 1206 984 per
1230 902 1336 984 ipsum
1360 902 1420 966 Pc-

236 997 334 1069 trum,
351 988 519 1052 remittere
536 994 569 1051 et
586 987 707 1051 donare
724 987 911 1070 dignemini,
928 1011 968 1053 ne
983 996 1118 1072 propter
1137 992 1294 1073 premissa
1314 993 1420 1056 anime

236 1080 380 1162 ipsorum
405 1077 547 1140 fratrum
572 1077 802 1141 defunctorum
816 1079 1022 1161 crucientur;
1047 1086 1176 1144 attento
1192 1087 1286 1162 pater
1302 1088 1420 1161 sancte,

236 1169 324 1251 quod
347 1171 375 1231 si
399 1168 484 1230 idem
508 1167 628 1230 Petrus
652 1167 702 1230 vel
725 1168 859 1232 heredes
885 1169 1005 1251 prefati
1039 1171 1262 1234 restitutiones
1296 1171 1422 1234 ablato-

238 1280 312 1322 rum
345 1257 489 1321 omnium
513 1257 620 1320 facere
644 1257 772 1336 vellent,
797 1257 882 1322 bona
906 1259 1013 1323 omnia
1039 1281 1102 1341 que
1126 1261 1171 1323 eis
1195 1267 1422 1324 remanserunt

237 1369 296 1431 pro
320 1347 455 1411 minima
487 1353 581 1428 parte
614 1367 678 1410 nou
710 1346 917 1429 sufficerent;
942 1349 976 1412 in
1000 1351 1203 1412 contrarium
1225 1351 1423 1414 facientibus

239 1461 304 1502 non
328 1437 536 1502 obstantibus
560 1437 809 1518 quibuscunque
833 1443 963 1501 etcum
987 1438 1141 1503 clausulis
1165 1441 1363 1522 opportunis.
1382 1481 1419 1490 -

238 1529 319 1593 Fiat
352 1526 438 1610 quod
471 1527 660 1590 absolvatur
693 1526 833 1591 dimissis
857 1528 1125 1610 occupationibus
1149 1530 1366 1610 ecclesiarum,
1392 1538 1424 1594 et

237 1619 368 1682 fructus
384 1617 460 1680 inde
476 1617 621 1700 percepti
637 1616 686 1678 illi
703 1617 924 1698 dimittantur,
948 1617 1148 1700 iniungendo
1172 1620 1260 1701 quod
1284 1621 1424 1684 ccelesiis

240 1708 327 1772 unde
350 1708 495 1789 percepti
519 1712 603 1784 sunt,
635 1705 729 1768 iuxta
752 1707 1011 1788 possibilitatem,
1035 1709 1085 1772 vel
1108 1708 1204 1772 simul
1228 1709 1277 1773 vel
1302 1731 1425 1774 succes-

239 1799 314 1877 sive,
339 1797 485 1878 aliquam
508 1797 610 1859 faciat
634 1796 896 1876 satisfactionem,
928 1797 1052 1861 nullam
1076 1804 1210 1880 quotam
1235 1800 1424 1882 explicando

240 1887 296 1950 sed
321 1908 377 1950 sue
402 1886 597 1950 conscientie
622 1886 817 1950 dimittendo
835 1885 872 1951 Τ.
897 1886 1022 1950 Datum
1038 1888 1141 1952 Rome
1165 1889 1252 1972 apud
1276 1898 1424 1953 sanctum

239 1977 378 2041 'Petrum
402 1976 508 2059 pridie
532 1975 688 2038 kalendas
712 1975 889 2039 Februarii
912 1997 997 2041 anno
1021 1978 1169 2046 secundo.

243 2211 270 2257 X
307 2204 319 2256 f
337 2136 386 2256 1(Α
405 2132 531 2266 qqtiktni
551 2133 736 2186 leve'ltarban.
756 2132 978 2200 supplicationes
998 2132 1106 2185 Nicolai
1119 2139 1151 2187 V.
1171 2139 1268 2186 Annus
1287 2139 1322 2186 ΙΙ.
1343 2133 1427 2185 Liber

272 2245 287 2269 .,
320 2221 354 2258 ο.
375 2213 407 2258 93
419 2229 429 2257 ‹.

744 2477 921 2542 XXVIII.

688 2641 781 2699 1450.
808 2637 913 2719 majus
940 2643 989 2699 ΞΒ.

251 2802 284 2864 V.
304 2799 422 2864 Milclo's
436 2805 527 2881 pcipe
543 2800 737 2884 rrtcplrupyjc
753 2821 793 2864 cc
809 2801 993 2883 csztcrpouri
1011 2801 1176 2879 creole-uel,
1190 2801 1272 2883 bcpp
1289 2785 1429 2884 Apostoli

241 2891 342 2974 pyb'ri
362 2893 493 2971 ptisprilr
517 2911 600 2954 caca
627 2890 850 2968 iutc'dccde'set,
866 2911 886 2954 c
902 2891 1042 2972 ucclpucl
1056 2889 1153 2972 fopcc
1169 2911 1210 2954 ue
1224 2891 1320 2972 epate
1334 2891 1431 2974 pplr'ra

248 2981 416 3045 turcopoli-t
433 2980 672 3062 juccdcloucbo'l
697 2981 749 3043 lce‘t
772 2980 971 3060 cupelluuc'cit
1002 2981 1158 3056 lc'tesc'tctt,
1190 2983 1321 3044 crdc'tcc
1355 3004 1430 3064 arcp.

351 3143 507 3207 Nicolaus
532 3150 591 3206 etc.
612 3141 803 3208 Venerabili
828 3141 926 3206 fratri
949 3141 1188 3222 archiepiscopo
1213 3141 1430 3222 Strigouiensi

241 3233 383 3298 salutem
408 3281 414 3295 .
440 3282 446 3296 .
471 3281 476 3296 .
512 3232 673 3295 Exhibita
707 3232 867 3314 siquidem
899 3231 992 3295 nobis
1025 3253 1128 3314 nuper
1154 3253 1212 3313 pro
1244 3239 1338 3312 parte
1362 3279 1369 3294 .
1393 3281 1399 3294 .
1424 3281 1430 3294 .

244 3323 428 3404 Augustini
461 3324 602 3405 episcopi
635 3321 821 3386 Jauriensis
853 3322 969 3404 petitio
1003 3321 1202 3399 continebat,
1236 3321 1322 3402 quod
1356 3322 1432 3385 licet

246 3411 370 3475 dudum
395 3413 429 3475 in
452 3413 596 3495 primeva
623 3411 818 3476 fundacione
843 3413 974 3475 ecclesie
990 3410 1176 3474 Jauriensis
1203 3411 1343 3492 triginta
1367 3411 1431 3474 duo

243 3503 455 3567 canonicatus
480 3510 512 3566 et
536 3501 701 3584 prebende
725 3501 759 3564 iu
784 3523 821 3564 ea
845 3502 964 3566 constit
990 3501 1017 3564 ti
1041 3501 1182 3580 fueraut,
1204 3500 1433 3565 nichilominus

245 3599 436 3656 occurrente
460 3594 629 3656 vacatione
654 3598 818 3655 certorum
842 3591 1053 3656 canonicatus
1078 3596 1111 3654 et
1134 3591 1298 3672 prebende
1332 3591 1432 3672 ipsius

244 3682 385 3760 ecclesie,
410 3687 483 3764 post
509 3682 701 3746 diuturnam
727 3682 826 3759 litem,
853 3703 911 3763 pro
936 3682 1019 3744 bono
1043 3679 1140 3763 pacis,
1165 3687 1232 3742 tam
1257 3682 1433 3762 apostolica

245 3792 345 3851 quam
378 3773 464 3853 regis
498 3770 645 3854 Ungarie
679 3771 936 3835 auctoritatibus
960 3821 966 3834 .
991 3820 998 3834 .
1024 3819 1030 3832 .
1065 3770 1106 3833 ad
1140 3769 1369 3832 canonicatum
1401 3777 1433 3834 et

246 3861 447 3942 prebendam
470 3861 634 3941 predictos
668 3861 713 3924 sic
738 3867 890 3924 vacantes
914 3862 978 3924 duo
1002 3859 1134 3923 admissi
1163 3860 1307 3938 fuerunt,
1332 3861 1433 3923 etsie

247 3972 402 4014 numerus
435 3949 602 4033 predictus
635 3951 840 4014 excrevit..
866 3999 872 4013 .
898 3957 929 4013 et
962 3949 1078 4014 deinde
1102 3997 1108 4010 .
1134 3999 1140 4012 .
1165 3998 1171 4012 .
1201 3949 1290 4012 dicta
1323 3971 1434 4031 super-

246 4041 443 4119 numeraria,
478 4040 628 4104 videlicet
662 4041 932 4122 trigesimatertia
964 4038 1130 4122 prebenda
1163 4060 1201 4101 ex
1230 4059 1266 4102 eo
1290 4047 1433 4118 vacante,

247 4131 335 4212 quod
355 4131 503 4213 prefatus
520 4130 731 4210 Augustinus
757 4131 924 4212 episcopus
941 4179 947 4194 .
965 4179 971 4192 .
986 4179 992 4192 .
1010 4128 1224 4207 Demetrium,
1249 4129 1315 4192 suis
1332 4130 1434 4211 culpis

246 4228 280 4283 et
305 4220 472 4284 demeritis
497 4220 758 4302 exigentibus...
776 4220 970 4283 canonicatu
996 4226 1028 4282 et
1053 4220 1338 4300 supernumeraria
1363 4241 1435 4300 prc-

248 4310 355 4373 benda
379 4359 385 4372 .
410 4359 416 4372 .
442 4358 448 4372 .
481 4309 631 4391 privarit,
665 4309 877 4389 vacantibus3
910 4309 994 4373 idem
1024 4307 1235 4388 Augustinus
1261 4309 1435 4390 episcopus,

247 4400 381 4482 provide
405 4399 612 4464 considerans
639 4398 726 4479 quod
751 4397 819 4460 iere
842 4421 899 4480 per
923 4406 1030 4462 totum
1061 4419 1198 4478 regnum
1233 4396 1378 4479 Ungaric
1402 4399 1434 4460 in

247 4488 391 4552 ecclesiis
415 4489 674 4572 metropolitanis
699 4493 732 4550 et
757 4488 1001 4552 cathedralibus
1030 4486 1173 4549 officium
1207 4486 1435 4550 defunctorum

248 4587 429 4660 peragatur
452 4587 661 4662 preterquam
688 4578 722 4640 iu
750 4578 862 4641 eadem
887 4579 1019 4642 ccclesia
1045 4576 1222 4653 dauricnsi,
1257 4577 1359 4640 dictos
1385 4597 1436 4640 ca-

1294 4696 1328 4744 p
