3458 5492
812 447 997 497 octavarum

874 774 934 840 Vr.

722 944 816 1002 1410.
840 945 1016 1020 augusztus
1043 943 1093 1000 13.

314 1101 452 1166 XXIII.
465 1101 573 1164 Jdrzos
593 1103 685 1180 pcipe
708 1121 748 1164 ua
771 1107 873 1163 osseas
897 1098 1163 1181 lrlupqororsadpi
1187 1099 1324 1180 applicat
1342 1098 1496 1179 prandul-

497 1192 572 1254 mole
596 1191 873 1272 orlonzonyoadadt
896 1189 1064 1270 rrropdnul·
1090 1188 1193 1270 tcntjo
1216 1187 1311 1266 seran

420 1353 590 1416 Johannes
614 1360 673 1415 etc.
706 1349 763 1415 Ad
788 1351 935 1414 futuram
960 1351 1007 1413 rei
1031 1350 1226 1414 memoriam.
1255 1349 1296 1412 In
1320 1350 1496 1432 apostolice

313 1441 529 1506 solicitudinis
553 1443 684 1524 specula
709 1463 806 1522 super
832 1442 999 1504 universas
1024 1440 1112 1504 orbis
1129 1440 1279 1504 ecclesias
1295 1440 1406 1502 divina
1423 1461 1496 1521 pro-

313 1531 460 1594 videncia
483 1532 631 1614 quamvis
647 1532 802 1594 immeriti
819 1531 1000 1608 constituti,
1014 1530 1056 1594 ad
1073 1530 1133 1593 hoc
1149 1529 1319 1593 desideriis
1336 1530 1494 1611 promptis

313 1620 513 1684 intendimus
546 1628 579 1683 et
612 1621 813 1685 ferventibus
844 1621 962 1684 studiis
994 1619 1190 1698 laboramus,
1224 1626 1260 1682 nt
1288 1620 1322 1682 in
1346 1620 1496 1682 omnibus

312 1710 566 1774 christianorum
600 1711 708 1792 regnis
741 1717 773 1774 et
806 1711 988 1792 provinciis,
1021 1709 1194 1792 presertim
1226 1709 1287 1773 sub
1321 1716 1431 1772 nostra
1463 1715 1495 1770 et

314 1800 459 1863 Romarm
483 1799 614 1863 ecclesie
638 1801 825 1864 obedientia
848 1801 963 1864 devote
986 1799 1244 1881 persistentibus
1260 1822 1325 1881 pax
1348 1809 1380 1862 et
1405 1807 1496 1861 tran-

311 1889 460 1969 quillitas
480 1890 619 1972 vigeant,
644 1898 676 1953 et
701 1913 740 1953 ne
764 1889 921 1954 beneficia
945 1889 1161 1954 ecelesiastica
1185 1889 1217 1951 in
1243 1889 1362 1952 eisdem
1379 1909 1494 1951 racan-

314 1979 360 2040 tia
385 2001 442 2060 pro
466 1984 611 2061 tempore
634 1987 770 2061 pateant
794 2001 1018 2062 oppressorum
1043 1979 1235 2057 incursibus
1260 1985 1293 2041 et
1317 1978 1437 2040 nemini
1461 1977 1495 2038 in

311 2068 396 2131 ovile
421 2069 618 2132 dominicum
650 2090 708 2152 per
741 2070 983 2152 impressionem
1008 2069 1168 2132 nefariam
1193 2078 1224 2134 et
1249 2088 1416 2150 procacem
1440 2089 1488 2148 po·

314 2159 451 2221 tentiam
484 2160 592 2223 minus
624 2160 798 2224 canonicus
830 2159 994 2224 habeatur
1021 2159 1204 2241 ingressus;
1238 2159 1313 2222 hinc
1337 2165 1385 2220 est
1409 2157 1494 2238 quod

313 2271 379 2314 nos.
413 2273 452 2311 ex
485 2249 582 2312 dictis
615 2257 647 2312 et
680 2251 777 2312 certis
810 2249 883 2312 aliis
915 2249 1021 2312 causis
1053 2254 1201 2312 nostrum
1227 2249 1372 2312 animum
1395 2247 1436 2309 ad
1462 2246 1494 2308 id

314 2339 525 2416 inruentibus,
550 2360 659 2403 omnes
683 2340 856 2422 prioratus,
886 2339 1073 2421 dignitates,
1106 2344 1299 2420 personatus
1323 2343 1355 2399 et
1379 2336 1494 2414 officia,

312 2429 524 2492 canonicatus
549 2436 582 2491 et
605 2430 795 2510 prebendas,
821 2450 945 2492 necnon
974 2427 1176 2511 parochiales
1200 2427 1349 2491 ecclesias
1374 2435 1404 2490 et
1431 2426 1495 2488 alia

314 2519 469 2581 beneficia
495 2518 712 2582 ecclesiastica
738 2539 940 2600 quecumque
974 2518 1139 2600 regularia
1163 2525 1195 2580 et
1220 2516 1387 2581 secularia.
1421 2535 1494 2577 curn

313 2628 393 2670 cura
418 2615 450 2669 et
473 2608 543 2671 sine
567 2628 655 2685 cura,
679 2615 828 2690 exempta
852 2615 884 2671 et
908 2630 971 2670 non
996 2614 1154 2690 exempta,
1183 2607 1282 2669 etiam
1305 2606 1333 2668 si
1356 2605 1399 2669 ad
1423 2605 1495 2667 illas

313 2695 362 2758 vel
385 2695 458 2759 illas
482 2719 538 2760 seu
562 2697 618 2760 illa
643 2699 867 2761 consueverint
900 2699 957 2779 qui
989 2719 1046 2780 per
1078 2695 1267 2760 electionem
1300 2695 1429 2772 assumi,
1462 2699 1495 2756 et

312 2787 412 2848 etiam
437 2787 463 2848 si
496 2787 661 2868 prioratus
694 2788 922 2852 conventuales
954 2808 1076 2851 necnon
1107 2785 1286 2868 dignitates
1310 2784 1495 2848 huiusmodi

312 2875 345 2937 in
365 2877 622 2958 metropolitanis
639 2876 687 2939 vel
704 2877 940 2941 cathetralibus
965 2877 1102 2940 maiores
1118 2884 1191 2959 post
1207 2873 1417 2958 pontificales.
1437 2881 1496 2937 aaut

314 2967 345 3026 in
364 2966 543 3048 collegiatis
568 2967 709 3030 ecclesiis
732 2967 927 3048 principales
951 2967 1084 3045 fuerint,
1108 2988 1165 3048 per
1182 2987 1307 3030 cessum
1324 2965 1373 3026 rel
1390 2963 1495 3026 deces-

312 3076 383 3117 sum
417 3078 697 3138 quorumcumque
730 3064 762 3119 et
797 3057 993 3138 ubicumque
1017 3057 1066 3120 vel
1094 3056 1190 3119 aliter
1213 3056 1495 3137 qualitercumque

313 3145 346 3206 in
375 3167 474 3226 regno
509 3145 684 3229 Hungarie
716 3153 792 3210 actu
826 3149 977 3210 vacantia
1009 3155 1041 3211 et
1074 3147 1207 3210 inantea
1241 3151 1405 3219 vacatura,
1440 3165 1495 3204 seu

312 3235 602 3318 quotienscumque
627 3257 664 3300 ea
683 3256 797 3299 vacare
822 3236 1005 3318 contigerit,
1025 3243 1063 3299 ut
1082 3243 1192 3300 nostre
1215 3234 1412 3317 operationis
1436 3231 1496 3294 mi-

313 3325 448 3388 nisterio
472 3326 511 3388 de
535 3327 600 3390 illis
622 3348 682 3407 pro
705 3333 849 3408 tempore
872 3326 950 3390 viris
973 3326 1183 3408 provideatur
1212 3324 1343 3401 idoneis
1378 3322 1434 3404 qui
1458 3343 1495 3384 ea

312 3413 345 3476 in
371 3415 598 3496 spiritualibus
622 3423 655 3480 et
679 3417 912 3498 temporalibus
936 3416 1049 3494 sciant,
1074 3415 1174 3478 velint
1198 3423 1230 3478 et
1255 3415 1383 3477 valeant
1410 3411 1495 3474 saln-

313 3503 419 3567 briter
443 3503 634 3585 gubernare,
659 3513 693 3568 et
709 3526 766 3587 per
782 3506 842 3568 hoc
861 3507 961 3571 etiam
981 3505 1079 3569 variis
1104 3505 1356 3580 discriminibus
1377 3502 1495 3583 quibus

312 3594 486 3675 prioratus
503 3595 690 3677 dignitates,
705 3602 907 3677 personatus,
920 3595 1036 3674 officia,
1056 3594 1266 3659 canonicatus
1283 3600 1316 3656 et
1332 3591 1495 3674 prebende

313 3683 531 3764 parrochiales
555 3685 686 3748 ecclesie
703 3693 735 3748 et
752 3685 816 3749 alia
840 3685 997 3749 beneficia
1021 3685 1211 3767 supradicta
1235 3683 1433 3764 frequenter.
1459 3685 1496 3741 nt

313 3774 514 3855 experientia
538 3775 657 3853 docuit,
691 3776 724 3838 in
749 3796 860 3837 eorum
885 3775 1124 3857 provisionibus
1148 3774 1322 3838 subiecisse
1351 3779 1495 3853 ternpore

312 3871 484 3943 retroacto,
518 3873 672 3929 causante
705 3864 840 3944 malitia,
872 3865 1089 3946 cognovimus,
1122 3884 1292 3927 occurrere
1328 3862 1496 3942 cupientes

311 3953 517 4033 dispositioni
541 3962 574 4017 et
597 3955 796 4018 ordinationi
829 3961 939 4018 nostre
971 3954 1122 4036 quotiens
1156 3953 1196 4016 de
1224 3953 1302 4036 ipsis
1326 3951 1495 4033 disponere

312 4049 345 4103 et
370 4042 522 4107 ordinare
550 4044 745 4107 voluerimus
770 4044 809 4107 de
833 4045 975 4107 fratrum
1008 4048 1194 4108 nostrorum
1227 4042 1360 4106 consilio
1394 4061 1495 4122 usque

312 4132 353 4193 ad
379 4139 526 4196 nostrum
550 4134 792 4216 beneplacitum
815 4133 854 4195 de
878 4133 1052 4215 apostolice
1086 4135 1259 4216 potestatis
1292 4131 1495 4214 plenitudine

312 4242 531 4304 reservamus,
548 4225 746 4287 anctoritate
760 4222 1360 4305 apostolicavenerabilibusiratribus
1377 4219 1496 4283 nostris

311 4311 560 4395 archiepiscopis
593 4321 625 4376 et
659 4313 816 4395 episcopis
849 4317 881 4375 et
914 4313 1041 4378 dilectis
1074 4313 1149 4377 filiis
1188 4312 1307 4389 electis,
1341 4333 1398 4374 nec
1432 4331 1494 4372 non

313 4401 489 4464 abbatibus
513 4405 793 4482 monasteriorum,
809 4403 1016 4484 prioratuum
1032 4409 1065 4466 et
1081 4405 1219 4467 aliorum
1239 4402 1382 4464 locorum
1402 4421 1495 4479 regu-

310 4491 430 4553 larium
454 4513 491 4554 ac
517 4493 614 4556 etiam
641 4493 869 4575 capitulorum,
899 4493 1234 4574 metropolitanarum,
1258 4489 1495 4554 cathedralium

311 4589 344 4642 et
378 4581 623 4662 collegiatarum
657 4584 864 4647 ecclesiarum
896 4583 1118 4664 predictarum
1152 4581 1313 4662 capitulis.
1345 4579 1495 4659 collegiis,
