3454 5492
341 425 383 483 48
838 432 1026 484 onnuvtnrls

341 615 433 694 vatis,
457 620 490 677 et
514 614 651 679 totidem
676 615 872 697 generaliter
894 617 1067 680 reservatis
1091 637 1155 679 non
1179 623 1385 698 aggravetur,
1418 616 1525 696 digni-

342 710 410 768 tate
449 725 523 768 cum
561 705 756 770 canonicatu
792 711 825 768 et
857 706 1032 787 prebenda,
1066 706 1100 768 in
1133 705 1245 769 eadem
1283 705 1417 770 ecclesia
1455 707 1525 769 sine

342 795 581 877 dispensatione
606 795 749 859 obtineri
773 794 885 876 solitis
917 816 975 877 pro
1009 795 1103 858 unico
1131 794 1286 860 beneficio
1311 801 1344 858 et
1368 795 1525 877 episcope,

342 884 495 966 capitulo,
534 885 698 948 canonicis
743 891 775 948 et
814 886 960 966 personis
999 884 1172 948 cuiuslibet
1211 885 1460 968 metropolitane
1491 890 1525 948 et

342 973 477 1038 alterius
510 974 708 1038 cathedralis
740 974 873 1038 ecclesie
897 995 956 1056 pro
981 975 1078 1038 unica
1111 974 1284 1038 collatione
1318 973 1525 1056 computatis

342 1085 404 1146 que
429 1083 564 1145 persone
587 1064 655 1146 ipsa
678 1085 736 1146 per
759 1063 856 1128 dietis
883 1085 990 1146 regem
1015 1071 1048 1128 et
1072 1065 1217 1146 reginam
1242 1064 1446 1142 nominande,
1467 1085 1526 1147 per

342 1175 374 1216 se
399 1153 449 1216 val
472 1160 700 1234 procuratores
723 1174 797 1216 suos
821 1153 863 1217 ad
887 1154 946 1218 hec
969 1153 1011 1216 ab
1035 1153 1081 1217 eis
1104 1154 1288 1236 specialiter
1321 1154 1526 1232 constitutos,

342 1243 430 1306 inira
469 1243 566 1306 unius
604 1243 722 1306 mensis
753 1244 904 1323 spatium,
938 1247 1111 1327 postquam
1144 1243 1264 1307 eisdem
1296 1244 1442 1327 personis
1474 1243 1524 1306 vel

342 1354 454 1396 earum
479 1333 747 1414 procuratoribus
771 1334 899 1397 vacatio
926 1333 1057 1396 illorum
1081 1333 1272 1411 innotuerit,
1295 1333 1450 1397 duxerint
1473 1354 1526 1396 ae-

342 1421 511 1504 ceptande,
544 1422 740 1487 conferenda
771 1443 826 1486 seu
862 1422 1125 1500 commendanda,
1164 1423 1300 1504 singulis
1333 1444 1372 1488 ex
1404 1422 1523 1486 eisdem

342 1511 487 1593 personis
510 1534 568 1593 pro
594 1511 713 1594 quibus
736 1511 794 1576 illa
817 1513 1030 1576 reservaveris
1063 1519 1135 1594 post
1168 1512 1426 1596 acceptationem
1449 1533 1526 1575 ean-›

343 1601 423 1680 dem,
448 1622 522 1664 curn
554 1601 703 1666 omnibus
735 1601 864 1665 iuribus
888 1609 920 1666 et
943 1602 1151 1684 pertinentiis
1185 1603 1251 1666 suis
1275 1624 1313 1666 ac
1336 1602 1436 1666 etiam
1459 1601 1526 1664 illis

343 1711 382 1754 ex
405 1691 550 1773 personis
573 1692 738 1772 predictis,
763 1692 819 1773 qui
842 1691 877 1755 id
901 1691 1071 1772 voluerint,
1096 1692 1296 1774 de‘ipsarum
1316 1692 1524 1756 ecclesiarum

342 1781 589 1844 canonicatibus
622 1801 695 1844 oum
728 1781 931 1864 plenitudine
964 1782 1045 1844 iuris
1077 1782 1223 1847 canonici
1246 1782 1445 1847 auctoritate
1469 1803 1527 1844 no-

342 1878 411 1934 stra
443 1870 635 1952 providendi
659 1877 691 1934 et
715 1869 856 1935 faciendi
889 1892 1042 1953 personas
1066 1872 1160 1953 ipsae,
1185 1878 1243 1936 aut
1267 1893 1378 1936 earum
1410 1890 1526 1952 procu-

342 1967 477 2039 ratores,
501 1982 559 2042 pro
583 1961 628 2024 eis
652 1960 686 2022 in
711 1960 756 2024 eis
780 1961 921 2024 ecclesiis
945 1961 1054 2042 recipi,
1070 1961 1104 2024 in
1120 1962 1290 2025 canonicos
1306 1968 1338 2025 et
1354 1962 1388 2024 in
1405 1959 1527 2024 fratres

343 2049 438 2113 stallo
471 2050 515 2114 eis
548 2050 581 2113 in
616 2050 713 2114 choro
746 2056 779 2113 et
803 2050 872 2114 loeo
894 2051 929 2113 in
953 2051 1097 2133 capitulo
1129 2051 1303 2116 cuiuslibet
1337 2050 1524 2115 earumdem

343 2159 416 2202 cum
440 2139 522 2204 dieti
544 2140 627 2222 juris
649 2139 855 2222 plenitudine
878 2140 1060 2222 assignatis,
1077 2141 1248 2206 inhibendi
1266 2162 1395 2224 quoque
1414 2139 1526 2204 distri-

343 2229 427 2292 ctius
451 2230 603 2308 locorum,
637 2229 671 2292 in
700 2230 819 2312 quibus
851 2230 960 2294 forsan
994 2229 1150 2295 beneficia
1181 2231 1368 2294 huiusmodi
1399 2227 1526 2294 fuerint

344 2318 518 2383 ordinariis
542 2339 580 2383 ac
604 2318 732 2383 dilectis
756 2318 831 2382 filiis
854 2319 1000 2401 ipsarum
1032 2321 1241 2384 eeclesiarum
1275 2320 1427 2402 capitulis
1451 2339 1526 2382 ncc-

343 2430 407 2471 non
430 2409 488 2488 illi,
512 2409 561 2472 vel
584 2409 657 2486 illis,
682 2410 723 2473 ad
748 2430 844 2490 quem
869 2409 918 2473 vel
948 2409 992 2472 ad
1016 2431 1095 2491 quos
1119 2410 1258 2488 collatio,
1282 2410 1429 2492 provisio.
1453 2428 1525 2490 pre·

343 2499 492 2576 sentatio,
510 2499 624 2562 electio
640 2520 696 2562 seu
714 2499 825 2581 quevis
841 2498 906 2562 alia
923 2499 1090 2580 dispositio
1106 2500 1292 2564 eorumdem
1311 2498 1528 2564 communiter

342 2588 392 2651 vel
408 2588 536 2652 divisim
552 2589 704 2670 pertinet,
721 2609 761 2652 ne
778 2587 816 2652 de
833 2588 897 2651 illis
913 2588 1046 2652 interim
1063 2590 1162 2652 etiam
1178 2595 1256 2654 ante
1270 2590 1525 2671 acceptationem

343 2677 487 2756 eandem,
512 2677 575 2741 nisi
598 2684 770 2760 postquam
794 2678 839 2741 eis
864 2678 1058 2757 constiterit,
1090 2679 1177 2760 quod
1200 2699 1336 2761 persone
1359 2679 1526 2743 nominate

342 2769 392 2830 vel
416 2774 643 2849 procuratores
659 2769 709 2832 sui
727 2767 869 2851 predicti
892 2767 949 2831 illa
972 2768 1137 2832 noluerint
1160 2776 1339 2850 acceptare,
1357 2769 1526 2852 disponere

344 2879 472 2940 quoquo
505 2857 599 2921 modo
614 2863 822 2942 presumant,
847 2865 880 2920 et
904 2857 1133 2922 nichilominus
1159 2857 1317 2922 beneficia
1340 2857 1528 2922 huiusmodi

344 2969 406 3029 que
439 2948 619 3012 reservabis
652 2967 726 3010 cum
759 2947 954 3027 vacaverint,
979 2953 1018 3010 nt
1040 2947 1213 3029 prefertur,
1238 2947 1357 3012 eisdem
1381 2946 1525 3030 personis

343 3037 530 3102 conferendi
555 3044 588 3101 et
612 3036 651 3100 de
675 3038 739 3101 illis
764 3037 863 3102 etiam
896 3037 1088 3119 providendi
1120 3038 1245 3120 pariter
1278 3037 1390 3102 eadem
1414 3044 1526 3100 aucto-

230 3137 234 3144 '
270 3147 277 3164 ·
343 3128 451 3206 ritate,
476 3148 533 3208 per
557 3135 598 3198 te,
630 3128 680 3192 vel
711 3127 823 3207 alium,
856 3147 913 3190 seu
945 3126 1025 3192 alios
1049 3128 1177 3192 easdem
1201 3148 1361 3210 personas
1385 3127 1435 3190 vel
1458 3127 1527 3190 suis

343 3216 529 3280 nominibus
567 3237 680 3280 earum
717 3222 945 3299 procuratores
984 3217 1018 3279 in
1057 3218 1257 3299 corporalem
1295 3217 1525 3300 possessionem

343 3306 571 3370 beneficiorum
596 3307 784 3388 iuriumque
808 3313 841 3369 et
864 3307 1137 3387 pertinentiarum
1161 3307 1390 3388 predictorum,
1414 3311 1448 3369 et
1471 3305 1525 3368 de·

343 3397 497 3460 tendendi
521 3395 680 3475 inductos,
704 3417 743 3459 ac
767 3395 908 3459 faciendi
931 3417 1083 3478 personas
1115 3395 1200 3477 ipsas
1224 3396 1272 3459 vel
1297 3402 1527 3479 procuratores

343 3485 529 3550 huiusmodi
552 3484 593 3548 ad
618 3485 708 3548 dieta
732 3484 896 3565 beneficia,
921 3493 959 3548 ut
983 3491 1032 3548 est
1055 3487 1162 3563 moris
1186 3484 1326 3565 admitti,
1351 3485 1461 3568 eisque
1485 3485 1525 3548 de

344 3576 475 3639 illorum
498 3575 672 3652 fructibus
696 3574 889 3653 redditibus,
906 3575 1126 3657 proventibus,
1152 3575 1278 3638 iuribus
1302 3583 1335 3640 et
1359 3575 1527 3639 obventio-

305 3669 307 3674 '
344 3666 440 3729 nibus
465 3665 623 3728 universis
647 3665 774 3747 integre
808 3664 1005 3746 responderi,
1038 3665 1295 3730 contradictores
1327 3665 1526 3730 auctoritate

343 3763 456 3819 nostra
488 3755 706 3837 appellatione
737 3755 918 3836 postposita
949 3755 1186 3835 compescendo,
1220 3761 1252 3818 et
1286 3776 1358 3818 cum
1390 3755 1455 3818 illis
1486 3774 1525 3816 ex

344 3845 488 3926 personis
511 3844 676 3927 predictis
710 3865 772 3926 que
805 3864 1014 3925 quoscunque
1038 3849 1070 3906 et
1095 3845 1336 3927 qualescunque
1364 3844 1525 3908 natalium

344 3942 402 3998 aut
427 3935 524 3998 etatis
548 3933 695 3998 deiectus
719 3934 761 3996 ad
785 3933 964 3997 obtinenda
986 3931 1143 3997 beneficia
1167 3934 1352 3998 huiusmodi
1375 3941 1526 4016 pateren-

344 4029 408 4098 tur,
433 4025 466 4087 in
491 4023 706 4088 sextodecimo
731 4044 815 4086 anno
840 4023 881 4086 ad
906 4022 1086 4103 dignitates
1104 4046 1168 4087 non
1185 4031 1325 4102 curatas,
1350 4029 1382 4088 et
1402 4022 1524 4086 decimo

344 4121 456 4176 octavo
481 4114 523 4177 ad
547 4121 679 4177 curatas
711 4119 743 4176 et
775 4112 995 4194 parrochiales
1027 4113 1186 4192 ecclesias,
1210 4115 1374 4196 prioratus
1403 4119 1435 4175 et
1458 4132 1525 4174 rno-

344 4203 496 4283 nasteria,
522 4223 559 4266 ac
585 4205 684 4266 etiarn
709 4223 784 4266 cum
809 4203 929 4266 eisdem
954 4201 1106 4265 ordinum
1138 4203 1339 4285 regularium
1372 4223 1526 4283 quorum-

343 4292 425 4356 libet
450 4299 482 4355 et
506 4292 763 4356 mendicantium
796 4291 1040 4373 professoribus
1065 4298 1102 4354 ut
1130 4292 1287 4358 beneficia
1311 4311 1373 4372 que
1396 4313 1454 4373 pro
1479 4290 1527 4352 eis

343 4381 543 4464 presentium
577 4381 686 4461 vigore
725 4382 913 4458 reservabis
938 4388 976 4444 ut
999 4381 1172 4462 prefertur,
1206 4402 1406 4462 quecunque,
1431 4385 1525 4462 quot-

344 4493 472 4553 cunque
489 4477 521 4534 et
539 4471 780 4552 qualiacunque
803 4471 929 4534 fuerint
944 4471 1112 4548 secularia,
1128 4491 1191 4533 non
1211 4478 1320 4533 tamen
1337 4470 1527 4552 dignitates

344 4582 449 4643 neque
482 4561 692 4623 canonicatus
725 4569 757 4623 et
790 4560 962 4642 prebende,
996 4560 1044 4622 vel
1069 4560 1243 4641 regularia,
1268 4581 1332 4623 non
1357 4566 1467 4623 tamen
1490 4560 1525 4622 in
