3458 5496
315 433 379 492 352
811 439 1000 492 3111133111

314 624 356 688 ha
380 625 517 688 eocitate
540 625 570 688 le
594 624 753 690 difficolta
786 624 819 688 di
853 625 960 706 quello
993 624 1025 688 di
1055 624 1230 706 Zagrabia.
1263 623 1314 687 La
1346 626 1498 688 massima

313 716 390 796 perh
415 715 565 794 generale
589 715 622 777 di
648 721 762 796 questo
796 715 965 778 ministero
989 719 1006 777 3
1030 720 1119 778 31313
1150 735 1208 797 per
1232 715 1264 776 13
1288 714 1385 778 visita
1413 714 1497 778 delle

313 803 378 867 sole
402 803 572 886 parrochie
596 805 680 868 nelle
704 825 899 886 campagne3
932 825 949 867 e
973 803 1065 867 molti
1094 803 1143 866 dei
1170 803 1293 867 vescovi
1316 804 1425 868 hanno
1448 804 1498 866 in-

314 898 495 976 terpetrato
518 893 538 956 l’
563 893 677 956 ordine
701 892 882 958 deffinitivo
907 893 992 956 della
1024 898 1121 971 corte,
1156 913 1244 956 come
1277 916 1321 956 un
1354 891 1499 958 effettivo

312 981 554 1065 impedimento,
588 1004 645 1064 per
676 983 762 1047 cuii
787 983 894 1065 popoli
918 983 1022 1066 sparsi
1047 982 1131 1046 uelle
1154 1003 1332 1064 campagne
1356 1004 1420 1045 non
1444 1004 1498 1066 po-

313 1077 434 1136 tessero
467 1073 620 1138 accedere
652 1073 717 1138 alla
750 1073 846 1136 visita
874 1072 959 1136 delle
983 1079 1118 1154 quattro
1143 1072 1249 1136 chiese
1273 1072 1443 1154 designate
1465 1073 1499 1136 in

313 1161 390 1242 ogni
414 1160 541 1226 diocesi.
566 1159 634 1226 Con
659 1164 708 1226 cio
733 1163 841 1226 hanno
865 1183 922 1244 per
941 1168 1122 1224 avventura
1138 1183 1207 1226 rese
1224 1162 1322 1240 nulle,
1338 1183 1356 1226 o
1373 1162 1499 1226 almeno

314 1257 440 1333 esposte
463 1271 483 1313 3
504 1253 646 1334 pericolo
671 1252 703 1315 di
729 1252 848 1316 nullita
881 1251 911 1315 le
943 1249 1145 1329 assoluzioni,
1179 1251 1326 1334 dispenso
1351 1273 1368 1316 e
1393 1253 1499 1334 grazia

313 1341 453 1425 speciali,
486 1363 550 1405 non
583 1342 643 1404 che
675 1342 694 1404 l⁷
727 1341 924 1422 indulgence
956 1347 1066 1418 stesso,
1103 1341 1162 1404 che
1195 1341 1378 1424 dipeudono
1411 1341 1499 1405 dalla

313 1431 498 1495 esecuzione
537 1430 620 1494 delle
658 1451 754 1512 opere
792 1431 965 1514 prescritte
1005 1430 1059 1494 dal
1095 1451 1216 1494 sommo
1249 1429 1408 1512 pontefice
1441 1453 1499 1514 per

312 1519 332 1584 l’
357 1519 505 1602 acquisto
534 1520 586 1584 del
619 1520 801 1602 giubbileo3
835 1521 874 1584 ed
907 1520 1027 1584 inoltre
1060 1520 1168 1586 hanno
1192 1520 1241 1584 col
1268 1519 1335 1584 loro
1361 1523 1499 1603 esempio

313 1610 432 1674 servito
456 1631 475 1672 a
499 1610 636 1674 rendere
669 1609 876 1674 inalterabile
908 1611 941 1673 la
973 1609 1166 1674 risoluzione
1198 1610 1284 1674 della
1317 1617 1415 1680 corte.
1439 1631 1499 1674 ea

313 1699 493 1780 indisporla
516 1705 629 1762 contro
654 1699 683 1763 le
708 1701 814 1781 giusta
838 1707 1110 1782 rappresentanze
1143 1699 1196 1764 del
1223 1719 1353 1764 vescovo
1377 1700 1411 1764 di
1435 1700 1498 1764 Za-

314 1788 437 1870 grabia
461 1809 550 1852 come
574 1810 607 1851 se
630 1788 752 1852 fossero
777 1789 810 1852 di
834 1789 914 1852 niun
939 1810 1014 1870 peso
1037 1809 1054 1852 3
1074 1787 1191 1852 valore.

421 1877 504 1943 Sera
529 1877 614 1942 forse
638 1879 719 1943 bene
742 1878 801 1943 che
824 1880 855 1941 io
879 1879 996 1942 venisei
1026 1879 1227 1942 autorizzato
1251 1900 1271 1942 a
1294 1879 1499 1944 comunicare

312 1967 345 2030 la
369 1973 472 2032 stesso
497 1966 617 2032 1333113
641 1968 744 2032 anche
767 1968 810 2032 ad
834 1969 911 2032 altri
935 1967 1059 2034 vescovi
1083 1969 1142 2034 che
1158 1987 1178 2030 a
1194 1989 1245 2032 me
1271 1969 1498 2032 ricorressero:

315 2057 446 2138 giacche
471 2079 513 2135 so,
535 2057 596 2121 che
620 2058 745 2122 almeno
770 2065 820 2124 tre
845 2058 923 2122 altri
947 2058 1071 2122 vescovi
1089 2058 1119 2122 d’
1139 2056 1310 2138 Ungheria
1326 2077 1403 2122 sono
1420 2057 1499 2122 stati

313 2145 469 2211 conformi
494 2147 559 2210 3113
583 2148 732 2229 opinione
756 2147 809 2212 del
833 2147 1064 2230 Zagrabiense.
1085 2148 1114 2210 Ε
1139 2167 1235 2212 senaa
1258 2148 1314 2230 pih
1339 2168 1398 2212 con
1422 2145 1498 2228 ogni

314 2238 524 2302 veneracione
548 2236 588 2300 ed
612 2239 760 2320 ossaquio
787 2258 880 2320 passo
905 2257 924 2300 3
949 2237 1176 2318 rassegnarmi.

421 2323 552 2390 Vienna
577 2331 617 2390 22
643 2327 762 2408 Luglio
788 2332 883 2392 1776.

419 2485 456 2544 (Α
475 2482 602 2534 1311113111
622 2484 803 2536 131311111311.
824 2485 950 2535 Nuntiat.
972 2485 1062 2536 Germ.
1083 2487 1142 2536 Vol.
1165 2485 1236 2544 395.)

790 2823 1022 2892 OOXXXIV.

865 2993 959 3052 1776.

314 3149 344 3211 A
370 3146 504 3230 31911113
536 3148 664 3228 pv'ispdlc
693 3149 924 3228 praerasrlrodilc
956 3171 977 3214 a
1010 3151 1091 3215 111711
1123 3150 1347 3228 acutiuscula,
1372 3148 1499 3232 heppo

313 3255 452 3319 macyar
477 3237 701 3303 laoczelldvla
730 3238 1080 3304 33113333311331113
1106 3241 1277 3317 1171113111,
1310 3237 1498 3322 3313131113

453 3327 974 3412 31311133333331333393313
999 3331 1158 3394 1311713133
1183 3329 1363 3393 kihirdelle.

422 3488 703 3552 Reverendissime
736 3497 769 3553 et
801 3491 1069 3556 excellentissime
1103 3491 1231 3556 domine
1259 3490 1498 3574 archiepiscope

314 3583 348 3642 et
372 3579 489 3642 nuncia
513 3579 696 3659 apostolice.

422 3665 505 3731 Cum
532 3666 654 3731 bullam
680 3669 881 3752 accepissem,
906 3691 989 3752 quae
1022 3671 1137 3754 incipit
1165 3668 1436 3748 »8111111113Β31«,
1462 3674 1499 3732 ut

316 3763 458 3820 mentem
492 3759 678 3822 sanctitatis
711 3780 788 3824 suae
821 3760 914 3844 plene
948 3781 1136 3842 assequerer
1165 3759 1272 3842 quoad
1297 3758 1498 3822 intellectum

314 3865 425 3910 eorum
450 3847 631 3925 verborum,
665 3849 720 3930 qui
754 3849 921 3914 ecclesiam
949 3850 1050 3932 ipsius
1074 3849 1296 3914 cathedralem
1319 3869 1376 3914 seu
1399 3848 1498 3930 majo-

314 3957 382 4000 rem
408 3936 522 3999 devcte
546 3937 757 4017 visitaverint,
792 3939 904 4002 eadem
937 3946 1004 4004 tam
1038 3961 1111 4004 cum
1146 3941 1218 4004 aliis
1242 3935 1350 4002 bullae
1383 3936 1499 4016 verbis,

315 4047 413 4107 quam
438 4027 540 4089 veteri
565 4028 696 4090 atinde
721 4029 761 4092 ab
787 4050 850 4091 uno
883 4029 1011 4092 saeculo
1045 4036 1176 4111 recepta
1198 4030 1232 4092 in
1257 4027 1394 4092 dioecesi
1427 4047 1499 4090 mea

315 4115 550 4180 consuetudine
582 4118 715 4194 contuli,
748 4125 848 4199 atque
873 4119 913 4182 de
936 4118 1068 4182 oonsilio
1093 4120 1191 4182 etiam
1217 4116 1398 4182 dioecesani
1423 4135 1499 4180 con-

314 4204 435 4268 sistorii
457 4206 519 4267 mei
545 4206 710 4270 universos
734 4205 859 4272 Christi
883 4207 993 4271 fideles
1018 4208 1107 4272 nullo
1140 4205 1330 4272 rationabili
1363 4204 1499 4288 impedi-

314 4299 423 4358 mento
448 4293 605 4373 detentos,
631 4303 663 4358 et
680 4297 789 4360 venire
808 4297 952 4360 valentes
968 4298 1008 4362 ad
1026 4296 1247 4362 cathedralem
1271 4315 1376 4360 meam
1400 4294 1499 4358 eccle·

314 4384 404 4462 siam,
428 4405 502 4446 cum
527 4384 599 4448 aliis
624 4385 730 4448 tribus
753 4387 787 4448 in
812 4386 873 4450 hac
896 4388 1028 4451 civitate
1055 4387 1234 4468 designatis
1260 4385 1456 4448 visitandam
1479 4403 1499 4446 a

313 4472 463 4536 kalendis
487 4473 571 4535 Maii
595 4475 637 4536 ad
662 4475 819 4540 kalendas
835 4477 1029 4540 Novembris
1055 4478 1131 4540 anni
1165 4476 1328 4541 currentis
1354 4471 1498 4538 invitavi.

424 4562 488 4628 Vix
511 4564 720 4646 paroeuetica
746 4566 882 4647 epistola
905 4587 976 4630 mea
999 4567 1253 4648 perdioecesim
1277 4565 1411 4646 vulgata
1440 4569 1498 4641 est,
