3458 5492
475 465 494 503 a
517 463 639 503 11101111
662 465 722 504 ura.
746 462 878 512 1111010111
902 464 955 504 soe
979 451 1207 504 rdarsuesnssz.
1373 446 1435 505 167

252 638 403 702 dissimae
434 641 628 721 provocavit.
648 638 732 702 Neo
766 637 943 702 defuerunt
967 644 1053 702 ante¹
1068 658 1197 720 quoque
1220 638 1355 715 nonulli,
1380 639 1437 721 qui

251 729 338 792 hunc
361 729 588 792 inconsuetum
607 729 746 794 abusum
766 729 967 792 contentioso
984 734 1017 792 et
1033 749 1158 792 summo
1175 733 1304 805 conatu,
1320 735 1436 794 eontra

251 817 450 882 laudabilem
473 819 601 901 patriae
625 817 902 898 consuetudinem,
926 818 991 881 iam
1014 817 1140 900 pridem
1161 817 1195 880 in
1215 817 1357 880 medium
1381 835 1437 882 110-

253 908 314 971 stri
347 909 556 972 introducere
589 914 667 971 sunt
700 909 818 986 conati,
854 907 911 989 qui
943 907 1154 971 nihilominus
1187 927 1205 969 a
1234 907 1365 987 regibus
1397 927 1436 970 ac

251 997 454 1078 principibus
473 998 681 1078 statibusque
700 997 794 1080 regni
810 997 966 1062 acerrime
984 997 1129 1075 retracti,
1145 1017 1313 1077 nunquam
1330 996 1437 1059 inten-

251 1093 322 1150 tum
355 1109 450 1150 suum
483 1087 613 1169 assequi
648 1086 830 1166 valuerunt,
855 1087 934 1167 quin
960 1087 1069 1167 potius
1093 1087 1127 1149 in
1151 1086 1243 1165 tales,
1268 1092 1436 1167 tamquam

252 1176 340 1258 pacis
374 1183 406 1238 et
440 1175 561 1257 quietis
594 1176 791 1255 turbatores,
829 1176 910 1257 legis
948 1197 986 1239 ac
1025 1175 1269 1240 consuetudinis
1308 1176 1437 1257 patriae

251 1265 431 1343 violatores,
464 1267 551 1330 inter
583 1265 745 1349 principes
778 1265 1014 1330 discordiarum
1048 1271 1081 1328 et
1112 1266 1357 1329 contentionum
1388 1285 1436 1328 se·

252 1356 435 1434 minatores,
469 1355 630 1437 ademptis
655 1356 746 1438 prius
771 1355 946 1418 eorundem
971 1355 1120 1419 omnibus
1144 1354 1259 1418 officiis
1283 1360 1315 1418 et
1339 1355 1436 1418 bene-

251 1444 341 1524 ficiis
374 1465 477 1526 poena
510 1445 671 1526 generalis
705 1445 828 1508 decreti
853 1445 1052 1508 severissime
1075 1444 1141 1508 luit
1165 1444 1436 1524 animadversum,

251 1540 348 1616 prout
381 1534 421 1597 de
453 1533 515 1598 hae
548 1555 583 1597 re
616 1534 795 1598 clarissima
829 1539 961 1598 exstant
994 1533 1188 1598 testimonia.
1215 1531 1436 1616 Quamobrem

251 1623 477 1704 praesentibus
511 1623 599 1687 hisce
632 1623 752 1686 nostris
785 1623 1039 1688 illustrissimam
1072 1643 1110 1686 00
1133 1623 1435 1687 reverendissimam

253 1713 506 1777 dominationem
531 1720 674 1777 vestram
697 1713 930 1795 requirendam
954 1718 987 1776 et
1009 1713 1250 1778 adhortandam
1275 1712 1436 1792 duximus,

251 1803 329 1866 velit
362 1803 455 1866 nobis
488 1803 663 1883 ignoscere,
695 1804 722 1866 si
755 1803 842 1866 hunc
875 1823 994 1865 novum
1026 1801 1280 1866 administrandi
1304 1802 1435 1866 modum

251 1913 288 1956 ac
322 1893 545 1956 inconsvetum
578 1892 726 1965 abusum,
762 1898 877 1956 contra
910 1893 1054 1956 omnium
1088 1891 1283 1973 Hungariae
1321 1912 1435 1973 regum

252 1981 521 2064 praerogativam,
546 1988 660 2046 contra
684 2002 795 2045 sacrae
819 2002 955 2045 coronae
978 1982 1072 2063 regni
1090 1981 1357 2059 iurisdictionem,
1382 1980 1435 2044 de·

251 2072 350 2154 nique
373 2077 488 2136 contra
513 2071 641 2154 patriae
664 2071 751 2153 leges
775 2092 813 2134 ac
840 2071 1117 2150 consuetudinem,
1150 2071 1374 2136 immunitates
1397 2087 1435 2132 ac

251 2161 420 2225 libertates
453 2168 583 2224 nostrae
616 2167 787 2242 acceptare
815 2161 947 2224 minime
972 2161 1188 2243 permittunt3
1223 2161 1303 2242 quin
1326 2159 1436 2240 potius

251 2256 392 2314 vestram
412 2250 665 2314 illustrissimam
681 2270 719 2313 ac
735 2249 1037 2314 reverendissimam
1053 2250 1307 2315 dominationem
1324 2265 1435 2312 aman-

253 2347 303 2403 ter
327 2346 360 2402 et
384 2339 524 2404 officiose
549 2361 710 2420 rogamus,
735 2340 829 2403 malit
853 2341 886 2402 in
911 2341 1075 2422 praesenti
1104 2341 1233 2421 negotio
1257 2339 1436 2403 communis

253 2430 319 2493 voti
352 2430 496 2492 omnium
530 2429 633 2510 magis
667 2450 766 2510 quam
798 2431 896 2492 unius
928 2429 1050 2512 privati
1076 2436 1109 2492 et
1132 2430 1271 2511 inquieti
1296 2427 1435 2491 hominis

251 2519 370 2582 habere
405 2519 574 2582 rationem.
614 2517 719 2600 Quem
758 2519 998 2583 illustrissimae
1035 2519 1267 2584 dominationis
1299 2524 1435 2597 vestrae,

251 2616 322 2672 tum
354 2629 433 2690 erga
465 2629 602 2691 regnum
631 2609 690 2672 hoc
716 2614 863 2672 nostrum
888 2607 1050 2672 afflictum
1074 2607 1237 2688 affectum,
1262 2614 1333 2671 tum
1357 2629 1435 2688 erga

250 2697 439 2761 libertatem
456 2697 763 2781 immunitatemque
779 2703 925 2761 nostram
942 2719 1092 2778 amorem,
1109 2699 1196 2763 omni
1214 2697 1315 2762 animi
1331 2697 1435 2760 nostri

250 2787 510 2870 promptitudine
533 2788 690 2851 reservire
715 2787 928 2850 studebimus.
953 2787 1044 2851 Deus
1074 2794 1216 2852 vestram
1241 2786 1434 2851 dominatio-

250 2897 323 2940 nem
346 2876 601 2940 illustrissimam
624 2898 662 2940 ac
685 2876 987 2940 reverendissimam
1021 2884 1189 2940 conservet
1212 2877 1254 2942 ad
1277 2876 1433 2958 plurimos

248 2987 350 3030 annos
372 2966 513 3030 feliciter
536 2967 658 3030 salvam
683 2973 716 3029 et
741 2967 942 3030 incolumem.
967 2964 1125 3049 Galgozii‚
1146 2967 1198 3031 die
1227 2972 1282 3030 7-0
1298 2965 1434 3030 Decem-

249 3055 326 3135 bris,
350 3078 435 3120 anno
463 3060 557 3119 1618.

356 3214 439 3273 (Acta
457 3211 572 3278 publica
591 3217 641 3262 sub
661 3210 819 3278 palatinatu
843 3211 1013 3280 sigismundi
1026 3213 1151 3280 Forgach
1167 3228 1238 3264 anno
1254 3220 1330 3265 1618.
1351 3217 1432 3264 Nem-

248 3282 301 3335 zeti
321 3285 449 3335 Mdzeum
468 3284 625 3351 kdnyvtara
643 3281 691 3336 fol.
711 3281 801 3343 2370.)
872 3339 874 3342 ,

754 3621 927 3689 CXXIII.

690 3791 784 3851 1619.
808 3787 945 3852 februar
970 3791 998 3849 2.

247 3952 298 4012 Aa
329 3948 534 4012 allomtitkrtr
567 3950 730 4012 atasitdsa
753 3955 775 4011 'a
798 3946 880 4010 be'esi
915 3946 1062 4010 aeolias
1094 3949 1246 4012 eadmero
1285 3968 1306 4012 o
1336 3947 1432 4030 padri

626 4037 877 4119 orlaaoookatq
901 4036 1054 4119 dqyebea.

354 4213 418 4276 Per
441 4213 461 4277 l’
484 4213 618 4295 alligate
643 4215 732 4296 copie
766 4214 799 4278 di
832 4214 952 4280 lettera
977 4223 1010 4279 et
1034 4216 1228 4296 memoriale,
1252 4215 1311 4280 che
1335 4217 1364 4280 ci
1388 4216 1431 4282 ha

246 4303 363 4366 inviati
386 4303 573 4384 monsignor
596 4324 725 4368 vescovo
750 4304 783 4368 di
807 4305 924 4384 Bosna,
948 4305 1049 4368 veura
1077 4307 1275 4388 vossignoria
1298 4305 1328 4369 10
1356 4306 1431 4370 dili·

247 4411 352 4474 genze,
378 4392 493 4456 011010
517 4392 1008 4475 11011010110000100010001100,
1035 4395 1093 4458 che
1117 4395 1144 4459 si
1169 4395 1186 4456 e
1210 4401 1345 4478 opposto
1365 4395 1429 4460 alla

246 4482 353 4564 gratia
378 4481 509 4565 fattagli
533 4503 592 4546 sua
613 4482 819 4547 beatitudine
843 4484 877 4548 di
900 4490 993 4566 poter
1016 4485 1158 4570 ritenere
1182 4485 1224 4549 ad
1247 4485 1430 4566 quinquen-

246 4572 337 4636 nium
369 4573 502 4636 insieme
535 4592 595 4635 con
627 4572 659 4635 la
692 4573 897 4654 prepositura
916 4573 1116 4659 'Posoniense
1139 4574 1163 4637 il
1187 4574 1371 4638 custodiato
1395 4582 1429 4640 et
