3436 5500
451 456 468 493 a
493 455 614 493 MAGYAR
637 455 696 492 arn.
722 453 850 492 ruerem
873 454 926 491 roe
950 441 1177 492 roardrrrduaz.
1382 435 1399 491 5

219 628 368 692 hostibus
400 630 536 710 paganis
569 637 602 693 et
635 629 716 708 aliis,
748 649 805 710 per
838 649 1003 692 concessas
1036 628 1098 691 tibi
1131 629 1267 692 dextera
1291 629 1402 692 divina

219 719 371 782 victorias
395 719 535 782 feliciter
559 718 781 801 triumphasti,
814 719 848 781 in
872 718 1064 781 oblivionem
1088 740 1152 782 non
1177 718 1320 794 (luceres,
1345 719 1400 781 sed

218 809 262 872 ad
286 808 404 872 mentis
436 815 492 872 tue
524 810 721 886 memoriam,
754 814 791 870 ut
824 809 953 884 teneris,
986 808 1193 888 frequencius
1226 829 1400 888 revocares

219 899 306 961 zelus
335 898 458 961 domini
491 903 525 960 et
557 898 765 961 ecclesiarum
798 904 831 960 et
864 918 1074 978 personarum
1108 897 1400 962 ecclesiasticarum

218 987 312 1068 regni
345 988 394 1050 tui
427 987 461 1050 in
494 994 527 1050 te
559 988 784 1051 exardesceret
816 987 903 1050 velut
935 988 1029 1069 ignis,
1059 992 1092 1050 et
1116 987 1247 1069 quidem
1272 987 1400 1050 domino

218 1077 418 1140 retribueres
441 1097 500 1159 pro
523 1078 672 1140 omnibus
698 1097 760 1158 qne
785 1076 940 1140 retribuit
969 1077 1037 1158 ipse
1070 1077 1140 1142 tibi.
1174 1082 1212 1140 ut
1235 1083 1268 1139 te
1291 1078 1402 1159 ingra·
1479 1123 1484 1132 .

219 1166 372 1230 titudinis
396 1166 513 1247 rubigo
537 1187 600 1229 non
623 1171 782 1246 tangeret,
814 1166 900 1248 jugis
933 1167 1159 1231 meditationis
1182 1167 1291 1230 studio
1316 1169 1402 1249 cogi-

219 1261 315 1320 tares
349 1255 433 1321 (lum
464 1255 576 1336 igitur,
608 1257 693 1320 sicut
726 1257 905 1319 multorum
937 1256 1045 1318 minus
1078 1264 1174 1338 grata
1208 1257 1325 1319 relacio
1359 1257 1400 1319 ad

219 1347 420 1427 apostolatus
454 1345 558 1409 nostri
590 1345 726 1408 deduxit
759 1346 919 1420 auditum,
947 1347 1053 1410 multa
1075 1368 1133 1428 per
1158 1353 1189 1408 te
1213 1346 1343 1409 insolita
1369 1352 1401 1409 et
1438 1349 1442 1362 “

219 1435 397 1518 dampnosa
421 1435 610 1516 gravamina
634 1435 776 1498 ecclesiis
800 1441 833 1498 et
855 1435 1001 1518 personis
1035 1435 1260 1499 ecclesiasticis
1292 1437 1401 1498 hacte-

218 1547 280 1588 nus
304 1531 381 1588 sunt
405 1524 508 1604 illata,
524 1530 556 1587 et
581 1525 674 1606 quasi
698 1525 731 1587 in
756 1525 1021 1588 consvetudinem
1044 1525 1284 1607 dispendiosam
1303 1526 1402 1588 eccle-

219 1615 275 1678 siis
299 1615 365 1697 jam
388 1613 537 1692 deducta,
572 1635 634 1696 que
658 1613 795 1677 dicenda
818 1620 868 1678 est
892 1615 999 1677 verius
1023 1615 1217 1697 corruptela,
1248 1616 1400 1679 continue

219 1705 415 1782 inferantur,
440 1709 472 1766 et
495 1725 553 1786 per
575 1704 656 1767 alios
680 1704 803 1768 nobiles
827 1704 920 1785 regni
944 1704 1003 1782 tui,
1026 1725 1084 1788 per
1107 1705 1401 1768 dissimulncionem

219 1795 269 1857 vel
293 1793 491 1876 pacienciam
524 1799 625 1860 tuam.
658 1793 777 1856 eisdem
812 1794 953 1858 ecclesiis
978 1799 1011 1858 et
1034 1795 1186 1876 personis,
1211 1794 1244 1856 in
1271 1815 1402 1875 gravem

219 1884 328 1947 divine
359 1883 542 1948 maiestatis
575 1881 730 1946 offensam
763 1883 882 1947 similia
914 1885 1111 1964 irrogentur,
1145 1905 1184 1946 ex
1214 1885 1341 1966 quibus,
1374 1883 1402 1946 si

219 1995 295 2037 vera
328 1981 413 2050 sunt,
439 1993 548 2054 regem
579 1993 693 2054 regum
718 1979 751 2036 et
774 1973 942 2037 dominum
975 1973 1137 2037 ultionum
1170 1984 1283 2038 contra
1313 1981 1344 2037 te
1369 1979 1402 2036 et

219 2064 351 2127 domum
384 2071 476 2126 tuam
508 2063 653 2143 graviter
684 2063 852 2144 provocari
889 2063 1027 2126 dubium
1059 2085 1124 2127 non
1157 2065 1293 2140 existat;
1336 2084 1401 2141 nos,

218 2153 376 2235 premissa
400 2153 427 2216 si
450 2153 589 2215 veritate
613 2151 774 2226 nitantur,
797 2153 917 2233 quein
942 2159 998 2216 tue
1023 2153 1139 2216 salutis
1163 2153 1345 2235 periculum
1369 2159 1401 2216 et

219 2243 305 2306 fame
329 2241 535 2324 dispendium
560 2241 744 2304 redundare
770 2249 956 2322 noscantur,
988 2243 1076 2307 salva
1106 2244 1314 2321 consciencia,
1348 2263 1402 2305 ne-

220 2339 381 2413 queuntes
407 2329 655 2395 conniventibus
678 2331 779 2396 oculis
804 2331 1012 2414 pertransire,
1046 2332 1125 2415 quin
1151 2332 1214 2396 illa
1247 2341 1402 2414 ponentes

219 2429 297 2486 ante
321 2423 429 2485 oculos
453 2421 571 2484 mentis
595 2427 660 2500 tue,
693 2427 792 2503 prout
815 2422 858 2484 ad
881 2422 1056 2504 apostolice
1084 2422 1252 2486 servitutis
1275 2429 1402 2505 spectat

218 2513 371 2590 officium,
403 2511 549 2593 paternis
577 2510 864 2592 obiurgacionibus
890 2533 1028 2594 arguere
1050 2513 1256 2575 studeamus:
1282 2513 1401 2576 sereni-

219 2609 323 2666 tatem
347 2607 447 2678 tuam,
472 2601 564 2662 cuius
587 2607 712 2663 statum
732 2601 880 2666 felicibus
897 2603 1080 2684 prosperari
1097 2603 1299 2666 successibus
1315 2603 1401 2684 apud

219 2691 328 2755 Deum
351 2697 384 2754 et
407 2690 551 2753 homines
583 2687 783 2766 affectamus
816 2697 944 2754 attente
975 2693 1155 2774 rogandam
1187 2691 1340 2755 duximus
1370 2698 1402 2754 et

218 2782 322 2845 eciam
345 2779 586 2862 requirendam,
617 2779 680 2842 tibi
713 2779 943 2844 nichilominus
975 2781 1009 2844 in
1041 2781 1262 2845 remissionem
1290 2802 1401 2864 pecca-

218 2879 328 2935 torum
360 2870 576 2952 iniungentes,
610 2875 771 2950 quatenus
794 2871 834 2934 ob
859 2870 1079 2934 reverenciam
1111 2871 1286 2953 apostolice
1318 2871 1403 2934 sedis

217 2968 252 3025 et
276 2966 429 3039 nostram,
462 2959 576 3041 tuique
599 2959 847 3040 promerendam
871 2961 1019 3038 salutem,
1043 2982 1062 3024 a
1086 2961 1308 3042 predictorum
1331 2961 1402 3023 illa-

217 3052 309 3115 cione
341 3049 576 3131 gravaminum,
619 3069 681 3130 que
724 3049 893 3130 sigillatim
926 3050 960 3113 in
993 3050 1123 3132 scriptis
1164 3051 1301 3114 reducta
1340 3051 1402 3114 tibi

218 3141 381 3204 mittimus
419 3138 625 3221 presentibus
664 3138 850 3218 interclusa,
889 3161 952 3221 que
985 3140 1093 3202 omnia
1126 3140 1154 3202 si
1185 3162 1244 3222 per
1275 3140 1402 3221 aliquos

218 3232 367 3293 tirannos
390 3230 500 3292 forsan
524 3227 696 3291 retroactis
721 3229 922 3311 temporibus
945 3229 1081 3292 fuerunt
1106 3235 1313 3311 attemptata,
1337 3251 1400 3293 non

217 3328 296 3384 sunt
318 3340 376 3400 per
400 3325 433 3382 te
456 3319 490 3382 in
514 3319 696 3400 exemplum
720 3319 890 3398 trahenda,
919 3319 1049 3383 omnino
1072 3319 1204 3383 studeas
1228 3319 1402 3398 abstinere,

218 3409 377 3492 preterita
410 3409 582 3489 corrigens,
616 3413 649 3471 et
681 3408 799 3472 similia
831 3429 889 3490 per
913 3415 946 3473 te
969 3409 1019 3472 vel
1042 3409 1143 3472 alium
1168 3431 1231 3472 non
1255 3410 1402 3472 commit-

219 3506 300 3577 tens,
333 3519 391 3562 nec
423 3499 595 3576 sustinens,
634 3518 692 3560 nec
726 3498 933 3562 dissimulans
965 3499 1047 3562 talia
1079 3498 1129 3561 vel
1163 3498 1281 3562 similia
1314 3499 1401 3561 circa

218 3589 369 3652 eeclesias
393 3594 426 3651 et
448 3607 600 3669 personas
624 3587 858 3652 ecclesiasticas
882 3588 1086 3671 supradictas
1109 3610 1167 3670 per
1190 3588 1294 3652 dictos
1310 3588 1424 3651 nobi·

218 3680 265 3742 les
289 3677 480 3760 perpetrari,
505 3682 543 3739 ut
566 3675 713 3758 predicte
729 3678 861 3741 ecclesie
878 3685 910 3742 et
926 3699 1069 3760 persone,
1095 3678 1227 3741 remotis
1245 3677 1402 3759 predictis

219 3767 472 3850 gravaminibus
497 3767 531 3829 in
554 3767 651 3848 plena
675 3787 807 3830 suorum
831 3768 989 3832 bonorum
1007 3773 1040 3831 et
1055 3767 1176 3850 jurium
1196 3767 1402 3849 possessione,

217 3857 373 3921 libertate
390 3863 423 3920 et
438 3856 647 3919 immunitate
670 3863 849 3936 serventur,
874 3863 976 3939 tuque
1000 3857 1144 3922 omnium
1168 3857 1400 3920 retributorem

219 3947 379 4011 bonorum
410 3967 468 4028 per
500 3947 558 4009 hec
591 3949 623 4010 et
655 3947 721 4010 alia
753 3946 840 4011 bona
870 3968 969 4029 opera
991 3947 1174 4029 propicium
1197 3947 1259 4010 tibi
1283 3948 1402 4010 consti-

219 4045 294 4100 tuas
312 4043 344 4100 et
359 4037 546 4118 benignum,
570 4057 692 4117 noeque
716 4037 920 4100 devocionem
947 4042 1046 4116 tuam,
1073 4058 1170 4118 quam
1187 4036 1220 4099 in
1236 4037 1401 4119 premissis

217 4131 402 4210 promptam
440 4125 623 4208 apostolicis
662 4126 876 4209 beneplacitis
914 4127 1062 4208 cupimus
1100 4127 1254 4205 invenire,
1293 4127 1402 4208 dignis

216 4215 377 4300 possimus
409 4216 443 4278 in
477 4215 605 4279 domino
637 4216 790 4280 laudibus
824 4215 1056 4280 commendare.
1089 4214 1214 4278 Datum
1238 4215 1401 4280 Avinione

217 4305 304 4368 XII.
329 4305 485 4369 kalendas
508 4303 661 4369 Octobris
686 4327 772 4369 anno
797 4312 924 4387 quarto.

328 4449 362 4507 (a
381 4443 508 4496 vatikani
537 4444 720 4497 leveltarbnn.
750 4450 812 4496 XII.
832 4445 960 4497 Benedek
980 4445 1106 4497 vatikani
1126 4445 1311 4514 regestaiban.
1338 4446 1399 4497 Vol.

221 4525 280 4569 133.
303 4515 321 4568 f.
344 4523 455 4568 140-2.
477 4547 508 4554 —
528 4515 621 4567 aovin
640 4516 787 4570 kivonatat
806 4517 914 4592 lcdzdlte
935 4515 1071 4581 Ropaold
1083 4531 1092 4570 .·
1123 4518 1243 4569 Annales
1267 4517 1401 4569 Ecclesia-

215 4588 291 4641 stici.
311 4593 398 4640 XXV.
422 4593 497 4640 1338.
518 4591 551 4639 ev
572 4597 613 4639 24.
634 4605 668 4639 sz.
689 4588 768 4640 alatt.
798 4594 833 4639 Es
853 4591 939 4641 utana
959 4588 1064 4654 che'r:
1079 4593 1154 4640 VIII.
1174 4593 1220 4640 IV.
1241 4593 1401 4650 :tal—2324.)
