3454 5492
329 443 370 504 90
828 447 1015 500 oxnnvtnrls

328 636 481 701 meritum
514 635 667 716 reddidit,
699 637 751 718 jus
783 640 978 718 patronatus
1011 639 1160 699 nostrum
1183 633 1319 716 regium,
1346 631 1431 715 quod
1457 649 1513 709 ge-

327 727 483 791 neraliter
500 726 533 789 in
550 726 700 790 omnibus
715 726 808 808 regni
825 725 929 789 nostri
946 723 1096 805 ecclesiis
1120 725 1225 789 instar
1249 724 1510 807 predecessorum

327 825 512 882 nostrorum
536 837 649 898 regum
674 814 858 898 Hungarie‚
881 815 1048 895 habemus,
1065 815 1173 897 quoad
1190 813 1397 879 collacionem
1413 813 1511 876 unius

327 907 502 971 dumtaxat
524 906 642 970 harum
665 906 909 991 prelaturarum
933 925 989 970 seu
1014 904 1232 985 ecclesiarum,
1255 903 1512 967 videlicetWes·

326 995 519 1079 primicnsiS,
551 995 577 1060 J
578 995 746 1076 auriensis,
780 993 1025 1075 OhanadiensiS,
1051 993 1243 1074 Waciensis,
1276 993 1455 1058 Nitriensis
1478 998 1511 1056 et

326 1087 531 1170 prepositure
563 1085 728 1166 Albensis,
761 1085 821 1149 hac
855 1085 923 1150 sola
955 1105 1020 1148 una
1053 1085 1120 1148 vice
1142 1085 1177 1148 in
1201 1105 1237 1149 eo
1261 1083 1322 1167 ipsi
1355 1082 1511 1147 Michaeli

326 1177 465 1258 Paloczy
482 1176 627 1240 dandum
645 1181 678 1240 et
694 1175 935 1241 concedendum
961 1175 1123 1255 duximus,
1146 1181 1184 1238 ut
1209 1174 1286 1237 dum
1310 1179 1343 1237 et
1366 1172 1510 1254 quando·

326 1287 465 1348 cumque
489 1271 563 1348 post
588 1267 705 1332 harum
729 1265 978 1346 emanacionem,
1002 1265 1147 1346 aliquam
1175 1264 1380 1346 prolatarum
1412 1263 1511 1327 eccle-

326 1357 450 1420 siarum
485 1355 632 1439 episcopo
666 1376 722 1420 seu
754 1355 880 1438 prelato
914 1355 953 1419 de
985 1355 1058 1436 jure
1081 1359 1115 1418 et
1137 1353 1282 1435 legitimo
1306 1373 1422 1417 vacare
1445 1353 1510 1435 pri-

325 1467 415 1510 mum
438 1447 615 1528 continget,
649 1445 753 1510 eidem
786 1445 944 1528 magistro
968 1440 1021 1525 t.¹)
1045 1443 1237 1509 consobrino
1263 1465 1330 1524 suo,
1353 1443 1510 1525 premissa

325 1537 522 1600 auctoritate
556 1536 638 1618 juris
670 1539 865 1618 patronatus
898 1535 1010 1615 nostri,
1045 1534 1148 1599 eidem
1181 1533 1338 1597 Michaeli
1362 1532 1510 1614 Paloczy,

326 1631 363 1690 ut
387 1626 561 1708 prefertur,
594 1627 744 1704 concessi,
778 1626 812 1688 in
835 1645 973 1708 persona
1006 1623 1189 1689 maiestatis
1221 1629 1332 1688 nostre
1364 1622 1510 1687 conferre

325 1721 358 1779 et
382 1716 423 1779 de
446 1715 558 1779 eodem
582 1716 686 1779 eidem
709 1716 804 1798 pleno
825 1716 898 1797 jure
921 1714 1090 1797 providere
1113 1715 1216 1798 possit
1244 1719 1277 1777 et
1302 1713 1417 1793 valeat,
1446 1712 1510 1776 irno

325 1825 453 1868 exnunc
477 1811 576 1888 prout
599 1810 719 1870 extunc
744 1810 777 1868 et
800 1810 921 1869 extunc
943 1811 1042 1887 prout
1065 1825 1193 1869 exnunc
1225 1804 1339 1868 damus
1370 1808 1403 1867 et
1436 1823 1507 1867 con·

325 1894 478 1976 cedimus,
503 1895 621 1959 harum
644 1901 831 1960 nostrarum
854 1901 915 1959 etc.
939 1894 1073 1959 Datum.

431 2036 474 2090 Aa
492 2035 552 2090 irat
571 2036 653 2091 cleo:
670 2035 840 2090 Ι1111101011
856 2035 928 2102 juris
947 2038 1121 2106 patronatus.

432 2163 541 2224 (Kassai
560 2167 731 2230 Permulare,
751 2161 770 2216 f.
795 2165 863 2226 110.)

861 2390 974 2455 LXX.

764 2554 858 2616 1515.
883 2554 1001 2636 januar
1026 2557 1077 2617 25.

323 2718 373 2783 ΙΙ.
411 2715 586 2784 Uldsrlou
614 2713 753 2779 csonddi
786 2714 948 2795 bdptulon
975 2714 1234 2797 jooodolmoiro,
1267 2736 1288 2780 o
1319 2718 1505 2800 prepostsdp

324 2805 512 2886 kivcteldccl,
536 2803 675 2888 toppum
687 2803 796 2888 jopait
819 2803 953 2869 Pdloczc'
977 2805 1109 2888 Mibdlp
1132 2804 1506 2886 fdlcomordsmcstcrmelc

323 2897 438 2982 enpedi
461 2900 504 2977 ct,
529 2894 730 2979 mindoddip,
745 2914 766 2959 a
781 2897 847 2979 mc'p
865 2915 905 2960 oa
929 2899 947 2957 o·
974 2897 1173 2961 11110111ὄο010
1198 2894 1336 2980 Osoboly
1359 2896 1508 2962 Ferencr

637 2985 673 3049 ul
696 3005 717 3050 a
741 2984 881 3049 csonddc'
901 2985 1046 3067 ptispdbi
1070 2987 1195 3051 sac'ben.

851 3146 1040 3213 Commissio
1064 3149 1197 3232 propria
1221 3150 1343 3214 domini
1367 3151 1462 3233 regis.

429 3263 498 3328 Nos
532 3263 735 3327 Wladislaus
768 3263 832 3326 Dei
865 3264 975 3346 gracia
1007 3285 1064 3327 rex
1092 3264 1267 3348 Hungarie
1295 3270 1328 3328 et
1351 3265 1506 3330 Bohemie

323 3361 383 3419 etc.
417 3353 576 3418 Memorio
610 3353 871 3417 commendamus
907 3359 1018 3418 tenore
1051 3357 1253 3436 presencium
1286 3354 1507 3437 significantes

324 3444 444 3527 quibus
461 3442 592 3525 expedit
609 3443 776 3523 universio,
793 3443 879 3526 quod
896 3463 970 3508 cum
986 3444 1020 3507 in
1036 3444 1240 3508 conferendis
1257 3453 1289 3510 et
1301 3446 1507 3528 disponendis

323 3533 489 3600 beneficiis
521 3533 729 3597 ecclesiarum
762 3533 857 3615 regni
885 3533 983 3616 hujus
1008 3536 1121 3616 nostri,
1145 3556 1285 3617 quarum
1309 3535 1441 3599 collacio
1464 3537 1505 3600 ad

322 3645 387 3706 noe,
413 3624 520 3688 instar
542 3623 806 3704 predecessorum
830 3630 1016 3687 nostrorum
1040 3645 1154 3707 regum
1177 3625 1361 3708 Hungarie,
1385 3626 1506 3708 optimo

322 3717 394 3798 jure
427 3713 580 3797 pertinet,
613 3714 698 3776 vices
730 3718 858 3776 nostras
890 3715 1082 3796 plerumque
1114 3715 1178 3780 illis
1206 3716 1408 3779 committere
1432 3737 1506 3780 con-

322 3804 441 3884 veniat,
473 3824 552 3885 quos
586 3802 683 3866 sicuti
714 3802 861 3886 probitas
894 3803 1032 3884 evidens,
1065 3807 1110 3868 sic
1144 3812 1177 3870 et
1205 3805 1381 3871 maturitas
1405 3805 1505 3869 animi

321 3895 479 3959 divinitus
502 3890 702 3976 predecorat,
736 3914 800 3975 quo
831 3913 943 3957 eorum
976 3894 1267 3977 circumspeccione
1297 3895 1433 3979 provida
1458 3895 1506 3959 di-

322 3985 458 4067 sposicio
484 3984 518 4046 in
542 3982 593 4045 his
624 3983 723 4046 rebus
755 3985 899 4065 ipsorum
937 3984 1185 4050 commendabili
1218 3985 1313 4050 modo
1336 3987 1506 4051 observato

323 4074 434 4138 electis
458 4073 582 4136 idoneis
605 4075 750 4154 personis
773 4073 816 4136 ad
839 4073 993 4138 honorem
1017 4073 1080 4138 Dei
1102 4077 1350 4157 profectumque
1375 4076 1505 4140 ecclesie

321 4170 354 4227 et
378 4163 456 4227 fidei
479 4169 589 4226 nostre
622 4169 733 4228 sancte
757 4162 928 4227 ordinetur
952 4170 1053 4246 atque
1077 4165 1256 4249 dirigetur,
1280 4165 1416 4247 proinde
1440 4187 1505 4245 nos,

321 4253 449 4317 inducti
483 4252 610 4316 eximiis
642 4253 822 4318 virtutibus
846 4274 883 4317 ac
907 4254 1032 4318 meritis
1065 4257 1240 4320 cumulatis
1273 4254 1376 4318 fidelis
1401 4255 1505 4319 nostri

269 4363 274 4372 ·
321 4341 486 4426 magnifici
511 4341 684 4407 Michaelis
707 4344 747 4407 de
770 4342 888 4408 Paloca
912 4344 1187 4410 cubiculariorum
1204 4350 1388 4410 nostrorum
1412 4365 1505 4426 rega·

322 4434 403 4497 lium
427 4431 585 4513 magistri,
608 4433 660 4514 jus
683 4439 878 4515 patronatus
902 4440 1049 4499 nostrum
1070 4437 1204 4520 regium,
1229 4433 1323 4521 quod,
1346 4433 1445 4498 sicuti
1470 4436 1502 4502 iu

322 4559 357 4570 ⁸-

431 4613 449 4672 ¹)
475 4607 633 4662 ›b'rancisco
647 4609 793 4680 Chaholy.«
