3454 5492
282 434 321 492 72
770 434 964 491 oxusvu'urla.

283 627 415 710 quando
439 627 586 708 prefatus
610 625 766 689 lllatlreus
791 622 892 689 abbas
916 621 957 686 ad
982 621 1104 686 dictam
1130 620 1295 684 eeclesiam
1314 618 1466 683 abbacia-

280 719 344 781 lem
359 717 638 799 Thapolczensem,
656 715 750 778 iuxta
766 713 927 778 hiusmodi
945 713 1137 776 mandatum
1151 711 1331 775 maiestatis
1347 715 1466 788 nostre,

281 809 426 890 aliquem
450 807 588 870 fratrem
610 806 763 869 idoneum
787 805 821 868 in
844 803 994 886 priorem,
1028 823 1085 866 seu
1118 801 1283 866 custodem
1310 799 1467 882 deputare

284 903 317 961 et
340 895 493 979 preficere
517 895 665 976 voluerit,
696 895 763 960 sive
786 895 912 977 aliquos
940 894 1060 958 fratres
1084 891 1288 956 scandalosos
1311 910 1466 969 amovere,

284 993 317 1052 et
341 987 420 1052 alios
444 988 513 1050 loco
537 1008 648 1050 eorum
671 986 844 1068 imponere,
864 991 984 1048 extunc
1007 983 1146 1046 eundem
1169 981 1343 1046 Matheum
1367 981 1468 1045 abba-

284 1083 350 1141 tem
374 1077 559 1142 huiusmodi
582 1076 703 1139 iratres
726 1075 828 1139 libere
852 1073 894 1137 ad
918 1072 1103 1137 huiusmodi
1134 1071 1278 1136 officium
1310 1072 1468 1153 deputare

285 1174 317 1231 et
340 1166 495 1250 preficere
519 1187 557 1230 ac
581 1187 728 1230 amovere
752 1172 783 1229 et
814 1166 978 1246 imponere
1011 1163 1252 1245 permittere...
1285 1161 1404 1226 debeas
1436 1167 1468 1224 et

285 1257 444 1338 tenearis;
477 1277 568 1320 secus
592 1255 777 1320 nullomodo
798 1254 954 1332 facturus,
978 1252 1183 1335 presentibus
1206 1251 1356 1334 perlectis
1380 1250 1469 1315 exhi-

284 1349 376 1412 benti
415 1348 586 1411 restitutis
625 1346 751 1411 Datum
788 1345 891 1424 Bude,
930 1344 982 1408 die
1015 1343 1174 1407 dominico
1213 1343 1358 1424 proximo
1396 1346 1469 1424 post

284 1437 406 1502 festum
437 1437 685 1520 epiphaniarum
717 1436 848 1516 domini,
881 1455 965 1498 anno
998 1433 1142 1498 eiusdem
1169 1433 1339 1497 millesimo
1375 1431 1469 1514 quin-

286 1529 463 1610 gentesimo
487 1528 595 1592 tercio.

395 1687 431 1748 (A
450 1683 661 1738 ssent-martem
681 1681 839 1752 idapatsagi
859 1665 1041 1735 leveltdrben.
1062 1689 1103 1734 23.
1124 1699 1214 1748 capsa,
1234 1683 1275 1743 E.)

836 2139 927 2205 LVI.

686 2306 780 2366 1503.
806 2303 1005 2384 szeptember
1031 2299 1080 2366 19.
1172 2393 1176 2398 ³

291 2465 341 2529 II.
371 2463 504 2529 Ulctsrlo'
526 2462 733 2546 Zeremlyoci
756 2462 971 2528 Ferecoaoel
995 2483 1035 2528 ca
1059 2463 1181 2546 erdc'lqr'
1211 2463 1432 2546 triptoloaoril
1455 2484 1475 2528 o

293 2553 418 2638 otrolpt
443 2554 755 2636 acomonpozosaor
778 2551 954 2634 fontorlott
971 2553 1235 2635 ,jovodclraolcbo'l
1259 2559 1321 2635 cat,
1349 2553 1476 2637 omelp

461 2642 590 2728 lcqelobb
613 2643 667 2727 foq
691 2643 925 2728 meqctresedai,
950 2644 1032 2709 olore
1057 2645 1309 2728 odomdoyoaao.

402 2805 470 2872 Nos
494 2812 553 2870 etc.
587 2805 746 2870 Memorie
770 2807 1032 2872 commendamus
1057 2813 1116 2871 etc.
1147 2804 1242 2888 Quod
1265 2828 1323 2872 nos
1346 2806 1388 2870 ad
1412 2806 1477 2868 sin-

295 2899 424 2982 gulares
455 2897 595 2961 virtutes
618 2903 651 2960 et
675 2898 793 2962 merita
824 2897 928 2961 fidelis
960 2897 1064 2961 nostri
1096 2897 1296 2962 honorabilis
1327 2895 1478 2978 magistri

293 2989 463 3054 Francisei
496 2988 536 3050 de
568 2986 759 3070 Zeremlyen
799 2987 1020 3052 archidiaconi
1053 2988 1092 3050 de
1124 2987 1233 3052 Patha
1266 2993 1298 3052 et
1331 2985 1478 3050 canonici

294 3079 426 3144 ecclesie
440 3077 622 3160 Agriensis
639 3077 760 3142 notarii
784 3078 974 3142 cancellarie
997 3083 1124 3158 nostre,
1142 3078 1260 3160 quibus
1284 3079 1391 3159 ipsum
1411 3097 1477 3140 non

294 3169 433 3233 aliorum
456 3169 551 3232 modo
575 3169 865 3248 commendacione,
880 3189 992 3232 verum
1008 3176 1041 3233 et
1060 3168 1265 3251 experiencia
1281 3168 1351 3250 ipsa
1366 3171 1478 3230 nostra

294 3258 488 3342 insignitum
513 3258 727 3340 cognovimus,
761 3258 910 3322 debitum
934 3264 1117 3341 respectum
1142 3258 1308 3338 habentes,
1341 3257 1478 3322 eundem

295 3357 464 3432 tamquam
488 3369 658 3432 personam
681 3349 831 3412 idoneam
856 3355 889 3412 et
912 3348 1155 3428 benemeritam,
1179 3349 1221 3412 ad
1242 3367 1479 3431 quamcumque

296 3441 429 3504 illarum
446 3439 646 3521 dignitatum
662 3460 719 3502 seu
736 3437 975 3520 beneficiorum,
992 3461 1055 3522 que
1071 3461 1128 3504 nos
1143 3441 1178 3503 in
1195 3439 1328 3503 ecclesia
1341 3437 1480 3502 Albensi

297 3529 548 3608 Transsilvanie,
583 3551 621 3592 ex
644 3529 911 3611 jurepatronatus
944 3537 1063 3610 nostro,
1096 3551 1154 3612 per
1178 3551 1234 3593 nos
1256 3528 1346 3593 fideli
1370 3535 1480 3593 nostro

296 3619 473 3684 reverendo
506 3618 635 3682 domino
659 3618 795 3684 Nicolac
827 3620 867 3683 de
890 3620 1033 3699 Bochka,
1057 3619 1159 3684 electo
1183 3619 1326 3683 eiusdem
1350 3619 1481 3682 ecclesie

296 3709 452 3776 Albensis
487 3708 739 3789 Transsilvanie,
773 3732 870 3792 super
905 3710 1108 3774 conferendis
1131 3711 1165 3773 in
1190 3732 1227 3773 ea
1250 3711 1319 3792 ipsa
1349 3709 1482 3772 ecclesia

299 3798 464 3866 beneficiis
488 3799 605 3864 collato
638 3805 671 3863 et
704 3821 859 3880 concesso,
884 3802 1101 3883 excerpsimus
1125 3821 1169 3884 ac
1186 3800 1381 3883 dempsimus
1405 3797 1482 3878 (sic)

298 3890 531 3972 collacionique
547 3896 657 3954 nostre
675 3891 805 3973 proprie
823 3891 950 3973 private
974 3892 1216 3971 reservavimus
1240 3911 1364 3954 necnon
1388 3910 1482 3953 cano-

298 3981 445 4045 nicatum
478 3986 511 4043 et
541 3979 749 4063 prebendam,
784 4002 863 4064 quos
894 3981 1044 4046 videlicet
1075 3981 1228 4063 primitus
1260 3988 1333 4063 post
1365 3980 1482 4043 harum

299 4071 548 4151 emanacionem,
584 4071 649 4134 sive
681 4093 739 4154 per
771 4079 918 4152 mortem,
951 4071 1017 4136 sive
1049 4092 1106 4153 per
1139 4071 1390 4135 translacionem
1422 4075 1482 4133 aut

299 4161 396 4225 aliter
430 4161 712 4243 qualitercumque
744 4161 784 4225 de
816 4163 888 4244 jure
921 4167 954 4225 et
978 4162 1017 4225 de
1042 4160 1128 4225 facto
1153 4181 1267 4225 vacare
1299 4159 1482 4240 contigerit,

299 4251 498 4316 auctoritate
522 4252 666 4334 ejusdem
689 4253 793 4316 nostri
816 4253 1103 4335 jurispatronatus,
1118 4251 1204 4334 quod
1229 4249 1425 4333 generaliter
1449 4249 1483 4313 in

301 4341 451 4405 omnibus
474 4342 567 4421 regni
591 4343 694 4406 nostri
719 4343 868 4422 ecclesiis
884 4343 989 4407 instar
1012 4342 1273 4426 predecessorum
1297 4346 1483 4404 nostrorum

301 4452 414 4514 regum
439 4431 612 4513 Hungarie
636 4432 800 4512 habemus
834 4433 986 4497 duximus
1016 4432 1208 4514 eligendum,
1241 4429 1484 4510 nominandum,

301 4520 564 4604 presentandum,
588 4523 652 4585 imo
680 4544 807 4586 exnunc
831 4529 928 4606 prout
952 4529 1080 4602 extunc,
1106 4523 1183 4586 dum
1208 4521 1330 4586 scilicet
1353 4541 1484 4583 vacave-

301 4613 354 4691 rit,
380 4618 412 4674 et
435 4618 554 4675 extunc
579 4612 668 4676 velut
692 4634 817 4677 exnunc
846 4613 1003 4696 eligimus,
1036 4613 1239 4676 nominamus
1262 4617 1296 4675 et
1319 4617 1485 4693 presenta-
