3436 5500
311 467 352 525 36
806 474 993 527 1111111111

309 663 498 727 nonicatum
521 667 554 724 et
578 660 777 743 prebendam
811 661 1143 724 tricesimamtertiam
1166 709 1173 723 .
1198 708 1204 723 .
1230 709 1236 724 .
1266 661 1305 725 de
1336 682 1491 726 consensu

309 751 446 834 capituli
469 751 646 814 eorundem
671 771 756 814 anno
779 751 925 832 proxime
948 750 1105 832 preterito
1129 799 1135 813 .
1161 799 1167 813 .
1192 798 1198 813 .
1233 753 1420 834 suppressit,
1453 771 1492 816 ac

309 842 349 906 dc
372 842 502 906 illorum
527 839 720 904 1111111111.
745 888 752 902 .
777 889 783 904 .
817 839 899 904 duas
923 840 1128 922 capellaniae,
1152 861 1211 922 pro
1235 841 1362 905 duobus
1386 842 1492 924 capel·

307 932 400 1010 lanis,
425 931 481 1013 qui
506 931 619 994 missas
644 930 874 994 defunctorum
897 931 1033 1012 singulis
1057 928 1172 994 diebus
1191 930 1225 993 in
1245 931 1333 995 dicta
1357 931 1492 994 ecclesia

308 1021 472 1085 celebrare
496 1019 683 1084 deberent.
708 1067 714 1082 .
740 1068 746 1082 .
770 1020 926 1099 instituit,
950 1019 1062 1084 nolens
1087 1020 1173 1102 quod
1197 1021 1345 1084 canonici
1360 1020 1491 1103 prefati.

308 1120 451 1192 tempore
484 1109 677 1191 receptionis
710 1130 766 1173 seu
799 1110 1003 1174 admissionis
1036 1129 1147 1172 eorum
1172 1110 1206 1172 in
1230 1111 1409 1190 canonicos,
1433 1131 1490 1192 per

307 1221 340 1264 se
363 1207 423 1264 aut
449 1221 558 1263 eorum
593 1199 797 1278 substitutos
830 1200 967 1282 singulis
1000 1199 1151 1264 noctibus
1183 1199 1330 1264 seriatim
1363 1200 1491 1282 vigilias

307 1297 510 1354 mortuorum
534 1340 540 1351 .
565 1337 572 1352 .
597 1337 603 1351 .
628 1289 662 1352 in
682 1289 771 1352 dicta
790 1288 925 1365 ecclesia
949 1290 1123 1353 decantare
1147 1287 1305 1352 deberent
1328 1338 1334 1353 .
1359 1338 1366 1353 .
1391 1338 1397 1353 .
1422 1289 1490 1353 Nos

307 1381 346 1443 de
370 1379 533 1462 premissis
566 1384 689 1442 certam
721 1379 876 1442 notitiam
907 1400 971 1442 non
1004 1377 1163 1443 habentes
1187 1426 1193 1440 .
1218 1427 1224 1441 .
1249 1427 1255 1442 .
1285 1380 1490 1443 fraternitati

307 1476 385 1533 tue.
411 1520 417 1534 .
443 1519 449 1532 .
474 1469 674 1547 mandamus,
700 1475 862 1550 quatenus
885 1470 911 1532 si
936 1475 969 1532 et
991 1474 1165 1551 postquam
1191 1468 1251 1531 tibi
1276 1469 1316 1532 de
1340 1489 1488 1551 suppres-

302 1561 404 1638 sione,
438 1559 645 1622 institutione
671 1563 704 1620 et
727 1558 897 1622 voluntate
929 1559 1092 1640 premissis
1124 1558 1270 1638 legitime
1295 1558 1489 1636 constiterit,

305 1650 409 1713 illas,
434 1699 440 1712 .
464 1698 471 1712 .
497 1649 655 1731 approbes
679 1653 712 1710 et
736 1645 905 1712 confirmes
929 1697 935 1711 .
960 1697 966 1711 .
991 1697 998 1712 .
1023 1647 1149 1712 Datum
1174 1647 1275 1710 Rome
1298 1649 1387 1730 apud
1416 1669 1489 1711 san-

305 1746 394 1802 ctum
419 1739 556 1802 Petrum
579 1758 666 1802 anno
689 1785 695 1799 .
720 1785 727 1799 .
752 1785 758 1799 .
783 1737 955 1801 millesimo
980 1737 1301 1820 quadringentesimo
1327 1738 1489 1820 quinqua·

305 1829 434 1911 gesimo,
460 1829 575 1910 quinto
598 1827 754 1890 kalendas
778 1826 875 1890 Junii
898 1849 984 1907 anne
1009 1832 1136 1909 quarto.

413 1989 447 2047 (A
466 1984 594 2038 vatikani
622 1983 804 2037 leve'ltarban.
833 1987 954 2052 Regesta
981 1983 1128 2035 Bullarum
1156 1983 1296 2036 Datariae.
1325 1987 1422 2036 Annus
1440 1988 1487 2036 IV.

301 2058 389 2110 Liber
407 2063 428 2109 Ι.
449 2056 483 2123 Β,
503 2056 551 2110 tol.
574 2059 643 2118 131.)

823 2327 964 2391 XXIX.

750 2493 844 2552 1450.
867 2489 967 2571 julius
993 2487 1043 2551 11.

308 2653 341 2714 V.
359 2652 479 2715 Millos
499 2655 601 2732 palpa
626 2650 795 2733 Honcpucb'
811 2651 919 2714 Jctuos
945 2652 1146 2732 tormdapeo'
1169 2649 1370 2715 11111111111
1394 2650 1487 2730 olap-

302 2742 372 2822 jrto.
404 2741 542 2823 Wupyos
576 2741 711 2806 ramat
735 2763 756 2805 u
780 2740 919 2805 1111111111
942 2740 1174 2823 saeleseppbdz
1201 2739 1412 2822 prepostjdvd
1437 2739 1485 2802 111·

834 2850 955 2895 novera

408 2991 565 3055 Nicolaus
589 2999 648 3056 etc.
665 2990 858 3057 Venerabili
882 2991 979 3056 fratri
1004 2992 1152 3075 episcopo
1169 2990 1379 3055 Waradiensi
1399 2989 1485 3053 salu-

302 3086 366 3144 tern
392 3087 452 3145 etc.
479 3081 624 3163 Dignum
641 3081 845 3145 arbitramur
861 3088 920 3146 etc.
946 3081 1028 3147 Oum
1045 3081 1167 3164 itaque,
1191 3082 1277 3146 sicut
1292 3080 1484 3162 accepimus,

299 3171 506 3253 prepositura
523 3171 655 3235 ecclesie
672 3168 917 3251 Chanadiensis,
931 3193 993 3253 que
1010 3171 1044 3235 in
1061 3173 1173 3236 eadem
1190 3171 1324 3235 ecclesia
1340 3170 1484 3252 dignitas

300 3260 404 3324 maior
427 3267 499 3343 post
522 3260 741 3343 pontificalem
766 3269 799 3324 et
823 3262 862 3325 de
885 3262 957 3344 jure
981 3267 1176 3344 patronatus
1198 3281 1313 3342 regum
1336 3258 1484 3340 Ungarie

301 3351 421 3428 existit,
454 3359 487 3414 ct
521 3372 618 3432 quam
652 3350 815 3432 quondam
847 3351 1029 3434 Philippus,
1063 3351 1198 3415 ultimus
1226 3351 1328 3432 ipsius
1352 3349 1483 3413 ecclesie

299 3440 483 3522 prepositus
508 3440 586 3504 dum
609 3440 739 3518 viveret,
772 3440 951 3519 obtinebat,
983 3446 1055 3523 post
1087 3441 1213 3505 obitum
1237 3439 1380 3504 eiusdem
1404 3438 1483 3501 Phi-

262 3570 265 3578 *
298 3530 388 3612 lippi,
421 3531 478 3612 qui
510 3536 604 3594 extra
637 3531 762 3593 curiam
793 3530 976 3594 Romanam
1010 3530 1095 3593 diem
1135 3530 1253 3593 clausit
1292 3534 1482 3604 extremum,

299 3621 464 3684 vacaverit
497 3627 529 3683 et
553 3625 646 3683 vacet
679 3619 721 3682 ad
753 3640 901 3702 presens;
934 3641 992 3683 nos
1015 3620 1158 3684 volentes
1191 3619 1346 3682 dilectum
1378 3617 1482 3681 filium

300 3709 459 3773 Thomam
482 3708 579 3772 Pauli
604 3709 751 3791 Wagyas
775 3709 816 3772 de
839 3711 964 3788 Maraz,
996 3709 1223 3791 presbyterum
1247 3707 1483 3774 Obanadiensis

299 3798 442 3878 diocesis,
466 3821 524 3881 pro
548 3821 612 3880 quo
637 3799 775 3863 dilectus
791 3799 877 3863 filius
894 3799 1012 3863 nobilis
1028 3799 1077 3861 vir
1093 3799 1118 3862 J
1120 3799 1263 3862 ohannes
1280 3799 1319 3862 de
1335 3797 1482 3880 Hunyad

298 3889 391 3969 regni
415 3888 562 3971 Ungarie
586 3887 795 3970 gubernator,
820 3910 965 3954 asserens
990 3889 1126 3952 eundem
1147 3888 1306 3953 Thomam
1326 3888 1480 3951 dilectum

298 3979 502 4060 capellanum
536 4001 630 4042 suum
663 3979 741 4058 fore,
775 3986 808 4042 et
831 4001 864 4043 11
892 3979 998 4060 ipsum
1030 3979 1152 4042 utendo
1182 3980 1255 4061 jure
1287 3983 1482 4060 patronatus

297 4068 483 4132 huiusmodi
507 4075 539 4132 et
563 4068 775 4150 presentandi
807 4089 977 4150 personam
1011 4068 1161 4132 idoneam
1184 4068 1226 4132 ad
1251 4067 1385 4132 eandem
1408 4086 1480 4146 pre-

297 4158 488 4240 posituram,
521 4179 595 4221 cum
619 4164 720 4238 vacet,
753 4159 883 4240 plenam
915 4164 947 4221 et
980 4158 1125 4236 liberam,
1159 4180 1217 4222 sua
1241 4155 1480 4240 gubernacione

297 4247 483 4310 huiusmodi
506 4247 656 4327 durante,
681 4253 878 4329 potestatem
901 4247 1030 4326 habere,
1054 4249 1147 4312 nobis
1171 4269 1267 4330 super
1290 4247 1351 4310 hoc
1375 4245 1479 4308 humi-

296 4337 373 4401 liter
406 4336 609 4420 supplicavit,
626 4387 632 4401 .
650 4386 656 4400 .
674 4385 680 4400 .
706 4337 909 4401 fraternitati
933 4343 1011 4402 tue.
1029 4387 1035 4400 .
1053 4387 1059 4401 .
1084 4337 1284 4416 mandamus,
1317 4340 1480 4417 quatenus

297 4427 324 4490 si
342 4433 390 4491 est
410 4425 468 4506 ita,
492 4432 525 4489 et
548 4433 621 4508 post
644 4426 834 4508 diligentem
860 4427 1135 4491 examinacionem
1158 4427 1296 4490 eundem
1321 4424 1479 4488 Thomam

296 4516 483 4580 adhoc..
508 4564 515 4579 .
540 4515 692 4580 idoneum
727 4537 794 4580 1111
827 4517 995 4598 repereris,
1027 4517 1266 4600 preposituram
1288 4515 1479 4597 predictam,

296 4607 389 4670 cuius
427 4605 556 4669 fructus
580 4655 586 4668 .
611 4655 649 4668 ..
688 4605 902 4669 ducentorum
936 4615 969 4670 et
1003 4605 1243 4688 quinquaginta
1282 4603 1478 4669 florenorum
