3454 5492
472 468 489 506 n
514 467 633 506 uusvnn
659 466 716 506 um.
740 466 869 506 6666661
893 467 945 505 666
970 452 1198 505 616616661666.
1367 444 1427 504 109

248 639 571 705 (166166166616116.
596 640 664 705 Nos
689 640 828 723 quidem,
853 647 890 707 ut
915 661 1007 705 66666
1033 640 1184 706 maiestas·
1210 646 1318 704 vestra
1342 641 1430 705 illius

248 730 399 813 petitioni
423 731 511 794 61666
530 729 654 795 dictum
672 731 892 813 episcopatum
909 731 1158 813 quibuscunque
1174 729 1282 794 titulis
1301 737 1334 795 61
1349 732 1430 796 obli-

248 819 436 902 gationibus
452 828 586 900 annuat,
613 820 653 884 61
679 821 822 886 66116666
837 821 1078 904 predeclaratas
1094 819 1258 884 consulere
1276 843 1339 885 non
1359 844 1430 904 pos·

239 930 365 974 sumus
405 907 441 974 Si
464 916 574 974 tamen
599 917 705 974 vestre
736 933 826 976 sacre
857 911 1022 975 maiestati
1054 931 1145 975 secus
1169 910 1343 991 videretur,
1370 911 1430 975 hoc

247 999 315 1081 ipso
339 1001 460 1082 scripto
485 1006 595 1064 nostro
620 1000 801 1066 humillime
824 1002 973 1082 cupimus
1006 1005 1173 1080 testatum,
1204 1020 1261 1063 666
1285 1005 1318 1065 61
1342 1002 1429 1083 apud

248 1091 451 1154 maiestatem
484 1095 626 1154 vestram
658 1111 784 1156 6666666
817 1096 850 1154 61
881 1091 969 1172 apud
995 1110 1130 1172 regnum
1156 1089 1237 1152 velle
1262 1096 1430 1155 excusatos

248 1200 323 1260 esse,
347 1179 375 1244 si
398 1180 484 1243 forte
508 1179 588 1262 quid
611 1201 731 1262 eorum,
766 1187 828 1263 que
851 1201 952 1263 supra
975 1179 1125 1259 diximus,
1155 1180 1429 1244 incommodorum

247 1265 349 1352 (quod
383 1268 473 1332 Deus
505 1266 652 1352 auertat)
686 1291 725 1334 ex
757 1270 818 1334 hoc
851 1270 1033 1334 maiestatis
1067 1275 1172 1334 vestre
1210 1290 1300 1334 sacre
1341 1271 1430 1334 facto

247 1380 320 1422 oum
344 1364 488 1440 ternpore
512 1360 591 1422 oriri
617 1361 811 1442 contingat,

353 1514 408 1584 [In
428 1513 527 1582 dorso]
537 1529 548 1570 ,·
569 1515 669 1584 061616
688 1515 914 1570 Consiliariorum
933 1521 1139 1586 Hungarorum.

353 1657 523 1727 [Rubrum]
533 1673 544 1714 .·
564 1659 664 1728 Opinio
684 1660 910 1714 consiliariorum
928 1657 1124 1729 Hungarorum
1142 1660 1171 1712 in
1190 1661 1305 1730 negocio
1319 1661 1428 1730 1161666-

246 1735 328 1800 66166
347 1729 523 1795 1661166616.)

356 1879 390 1940 (Δ
409 1874 484 1930 be'csi
504 1872 598 1928 allami
617 1874 799 1928 levelttrban.
820 1873 1001 1943 Hungarica.)

736 2219 943 2286 LXXXIV.

687 2383 782 2444 1572.
806 2381 916 2462 junius
943 2384 994 2443 23.

246 2545 276 2606 A
293 2540 375 2604 167661
392 2539 538 2605 6661166
547 2539 666 2622 6616611
683 2539 838 2619 Romula,
857 2538 940 2621 1666
956 2560 977 2604 6
994 2541 1162 2604 cataractas
1173 2540 1428 2622 prtspolrsqqelret

367 2651 388 2695 o
412 2629 600 2695 1611611166
622 2637 691 2712 6166
714 2627 890 2694 6161616166
913 2627 1000 2710 feno
1025 2629 1146 2695 16611666
1170 2630 1307 2695 turiani

352 2792 498 2860 Sabbato
539 2800 668 2876 6666616
702 2793 725 2858 il
759 2807 822 2857 rm0
860 2793 1061 2858 arcivesocvo
1103 2793 1137 2857 di
1178 2791 1346 2875 Strigonia
1383 2793 1428 2857 mi

245 2905 347 2950 venne
371 2883 391 2946 1
415 2890 545 2948 1666666
560 2884 595 2948 16
611 2905 706 2949 nome
721 2884 756 2950 di
771 2905 830 2948 sua
847 2883 972 2948 maeste
988 2903 1118 2947 cesarea
1134 2882 1315 2947 facendomi
1331 2903 1428 2964 gran-

245 2975 377 3039 dissima
410 2974 578 3054 instantia,
611 2970 760 3038 accioche
786 2973 816 3040 16
843 2973 966 3036 dovessi
998 2973 1181 3056 supplicare
1214 2994 1273 3038 sua
1303 2973 1428 3038 6661111

244 3085 302 3148 666
324 3065 357 3128 16
380 3064 636 3129 conformatione
660 3064 693 3128 di
718 3068 852 3146 quattro
876 3063 999 3128 vescovi
1027 3063 1057 3127 d'
1082 3061 1237 3144 Ongaria,
1268 3063 1428 3128 nominati

245 3153 298 3237 girl
314 3154 425 3218 alcuni
450 3155 528 3218 anni
552 3154 594 3218 da
618 3175 677 3219 sua
700 3155 834 3233 maesta,
858 3159 891 3218 et
913 3154 958 3216 mi
977 3149 1097 3217 mandi)
1117 3152 1238 3217 lasere
1261 3153 1282 3216 l’
1305 3152 1428 3218 inserto

244 3244 438 3324 memoriale,
471 3244 494 3308 il
519 3245 615 3326 quale
639 3242 762 3308 6666161
785 3263 842 3324 666
865 3243 1080 3307 166166111666
1113 3242 1147 3306 di
1179 3265 1207 3307 v.
1240 3263 1263 3306 6.
1288 3243 1370 3308 illIna
1394 3248 1428 3306 et

244 3347 308 3398 rma
331 3334 364 3398 di
388 3334 505 3416 quello,
529 3334 588 3398 che
603 3334 622 3396 l’
641 3333 838 3416 imperatore
853 3337 886 3396 et
903 3333 1011 3416 questi
1030 3332 1152 3416 signori
1169 3332 1328 3398 nominati
1345 3332 1428 3397 desi-

244 3424 373 3488 derano.
407 3423 457 3488 La
489 3423 631 3488 mattina
667 3428 831 3505 sequente,
855 3422 937 3506 dopo
961 3423 993 3487 la
1017 3444 1129 3503 messa,
1153 3442 1212 3487 sua
1235 3425 1360 3488 maesta
1383 3424 1427 3486 mi

244 3511 371 3580 6116661
395 3513 430 3578 16
455 3534 593 3594 camera,
618 3519 650 3578 61
673 3514 718 3578 mi
741 3513 834 3592 disse,
867 3513 925 3576 ohe
959 3512 1111 3578 instando
1143 3513 1168 3576 il
1200 3518 1307 3595 tempo
1341 3512 1427 3576 della

244 3603 451 3669 coronatione
475 3603 528 3668 del
559 3603 658 3686 figlio,
690 3609 723 3668 et
756 3623 820 3667 666
845 3602 1427 3685 1666661661161166666611616

244 3701 377 3776 quattro
401 3695 524 3758 vescovi
557 3693 737 3758 consecrati
761 3693 800 3757 de
825 3694 915 3775 quali
939 3693 1003 3758 due
1037 3709 1095 3776 per
1129 3693 1162 3756 16
1185 3692 1370 3757 6666116666
1394 3699 1427 3756 61

243 3784 410 3850 1616666116
434 3806 499 3848 666
523 3791 683 3866 66166666
707 3783 905 3848 intervenire
930 3804 949 3846 6
973 3789 1087 3866 questo
1111 3786 1190 3861 6116,
1223 3782 1254 3845 61
1279 3783 1376 3865 quale
1399 3784 1427 3846 si

243 3873 427 3938 richiedeva
460 3874 536 3956 quel
569 3871 716 3956 maggior
739 3893 883 3953 numero,
907 3872 965 3937 ohe
989 3872 1076 3938 fusse
1099 3873 1259 3956 possibile,
1293 3877 1427 3937 stretta-

243 3969 351 4028 mente
383 3985 525 4046 pregava
556 3985 617 4028 sua
648 3962 773 4027 6661116
805 3982 863 4044 666
895 3963 928 4026 16
960 3962 1214 4028 6661666611666
1245 3962 1280 4026 di
1311 3963 1426 4044 questi,

243 4074 331 4117 come
347 4075 387 4118 ne
406 4056 481 4117 6661
504 4074 584 4117 6666
609 4051 694 4118 fatto
720 4050 829 4116 uffioio
853 4051 908 4116 dal
932 4073 989 4116 suo
1015 4053 1251 4118 ambasciatore
1267 4053 1301 4117 in
1321 4053 1427 4118 Roma

242 4163 302 4207 con
324 4163 385 4208 sua
408 4143 623 4208 beatitudine.
648 4141 686 4208 Io
709 4141 826 4224 risposi
849 4140 869 4203 1
893 4161 953 4205 666
975 4145 1109 4222 maesta,
1131 4142 1192 4206 ohe
1214 4164 1279 4208 non
1303 4142 1427 4209 haveva

242 4233 285 4296 da
308 4233 462 4298 dubitare
494 4244 597 4316 punto
630 4231 714 4296 della
747 4231 858 4296 buona
889 4236 997 4296 mente
1030 4231 1063 4296 di
1095 4237 1206 4296 666166
1229 4234 1366 4315 signore,
1391 4233 1425 4298 in

234 4322 407 4390 satisfarla
424 4324 457 4386 in
475 4328 563 4386 tutte
591 4322 697 4403 quelle
721 4342 800 4401 cose,
824 4321 883 4384 che
906 4318 1011 4403 66161,
1036 4343 1099 4404 666
1122 4322 1204 4385 ch’io
1227 4344 1291 4387 non
1316 4324 1425 4387 volevo

242 4419 366 4478 restare
391 4412 424 4477 di
447 4412 539 4492 611616,
569 4411 626 4474 616
650 4411 694 4476 mi
720 4429 840 4493 pareva
872 4410 990 4475 havere
1023 4411 1135 4492 161666,
1168 4412 1227 4476 616
1259 4435 1319 4478 666
1352 4434 1425 4476 666-

242 4503 307 4567 1111
338 4503 441 4567 felicis
473 4500 647 4566 memoriae
679 4522 742 4566 666
775 4501 898 4564 166666
930 4501 1039 4566 661616
1068 4502 1293 4568 confermsrne
1317 4508 1368 4566 166
1391 4503 1426 4566 di

242 4593 319 4673 1666,
343 4589 462 4677 perche
497 4613 560 4656 non
593 4592 616 4654 s’
633 4592 811 4674 esprimeva
843 4592 895 4654 nel
928 4612 1084 4674 processo,
1109 4613 1168 4656 666
1201 4593 1259 4656 616
1292 4599 1424 4656 6616616
