3472 5494
805 422 1000 476 oxnsvtnrlu.

831 713 973 780 OLXX.

757 864 851 924 1662.
875 858 1011 924 oktdber
1037 863 1064 924 7.

309 1006 339 1068 A
370 1007 461 1084 pdpo
479 1006 517 1066 e's
540 1024 561 1067 a
584 1022 722 1085 propper
756 1001 867 1084 lcivdlp
900 1002 973 1153 kp'at
1005 1002 1143 1066 adtende
1175 999 1404 1067 concordatum
1431 1005 1493 1063 lev·-

848 1111 920 1156 vaae
953 1140 959 1154 .

417 1233 522 1316 Super
546 1233 688 1298 ecclesiis
712 1232 915 1314 Hungariae.

416 1324 567 1387 Placeret
591 1322 762 1386 concordia
786 1343 860 1384 cum
884 1323 1088 1404 imperatore,
1113 1322 1226 1387 stricte
1251 1328 1288 1385 ut
1305 1341 1381 1403 rege
1398 1319 1492 1382 Hun-

310 1416 428 1498 gariae,
453 1412 512 1476 sub
538 1412 780 1476 conditionibus
804 1411 1031 1494 infrascriptis.

419 1502 461 1568 1⁰.
487 1502 573 1584 quod
597 1501 843 1580 concordantur,
868 1507 1008 1584 quaeat
1033 1502 1145 1584 quales
1170 1500 1323 1564 ecclesiae
1347 1505 1493 1582 spectent

310 1595 353 1660 ad
386 1591 649 1670 nominationem,
682 1597 715 1654 et
747 1592 1042 1673 praesentationem
1075 1586 1154 1670 (non
1181 1586 1384 1670 electionem)
1409 1589 1493 1670 regis

309 1683 512 1765 Hungariae,
531 1687 658 1762 atquae
674 1681 716 1744 ad
733 1679 840 1744 sedem
857 1680 1076 1762 apostolicam,
1087 1681 1250 1762 sequendo
1267 1679 1299 1744 in
1313 1680 1373 1743 hac
1389 1685 1492 1761 parte,

310 1773 396 1856 quod
421 1772 577 1834 hactenus
602 1769 667 1834 luit
691 1770 899 1834 observatum
922 1770 1138 1852 frequentius
1160 1776 1193 1833 et
1217 1770 1410 1852 praesertim
1434 1769 1494 1832 tri-

310 1865 372 1928 bus
396 1860 520 1926 ultimis
544 1860 677 1924 vicibus.
807 1877 810 1880 ·

418 1955 461 2014 2⁰.
495 1950 582 2032 quod
613 1950 647 2012 in
680 1969 756 2013 casu
789 1948 967 2012 vacationis
1000 1949 1213 2030 singularum,
1252 1955 1404 2012 teneatur
1435 1971 1493 2011 rex

309 2040 503 2122 Hungariae
536 2039 712 2118 nominare,
745 2060 800 2102 seu
832 2044 1041 2120 praesentare
1073 2039 1162 2102 infra
1195 2044 1337 2121 quatuor
1370 2059 1493 2101 menses

309 2132 479 2195 continuos
503 2151 522 2193 a
547 2130 599 2193 die
626 2127 814 2206 vacationis,
846 2149 1017 2211 personam
1050 2129 1301 2193 ecclesiasticam
1334 2148 1492 2209 capacem,

309 2221 467 2298 doctrina,
500 2219 685 2302 prudentia,
719 2225 751 2281 et
785 2218 870 2280 vitae
908 2217 1100 2299 integritate
1139 2223 1369 2300 praestantem,
1410 2238 1492 2298 quae

308 2309 494 2373 huiusmodi
520 2310 720 2390 qualitatum
744 2306 844 2371 bonas
869 2306 989 2371 habeat
1022 2309 1249 2372 attestationes
1282 2306 1493 2371 illustrissimi

308 2406 341 2464 et
365 2398 624 2462 reverendissimi
648 2398 771 2461 domini
794 2396 906 2460 nuncii
929 2397 1097 2478 apostolici
1121 2397 1209 2479 apud
1229 2417 1392 2460 caesarem
1415 2397 1493 2458 resi-

310 2489 425 2568 dentis,
451 2488 589 2570 illasque
606 2487 759 2552 exhibeat
775 2487 971 2568 apostolicae
990 2487 1066 2566 sedi,
1091 2508 1109 2549 a
1135 2508 1207 2568 qua,
1232 2486 1258 2549 si
1282 2486 1384 2550 luerit
1408 2507 1493 2549 com-

309 2585 402 2661 perta
428 2577 551 2656 idonea,
572 2576 723 2658 eligatur,
748 2583 781 2638 et
804 2575 1014 2657 praeficiatur
1039 2577 1190 2640 ccclesiae
1213 2576 1352 2639 vacanti.

418 2665 461 2730 3⁰.
487 2666 572 2748 quod
597 2686 761 2749 personae,
781 2671 819 2728 ut
835 2665 1021 2748 praefertur
1045 2666 1240 2745 nominatae,
1265 2686 1321 2728 seu
1345 2685 1489 2746 praescn-

309 2762 399 2820 tatae
423 2762 598 2820 teneantur
623 2755 752 2818 omnino
771 2760 890 2837 post..
908 2804 914 2818 .
932 2776 951 2818 a
975 2755 1028 2818 die
1044 2778 1156 2820 earum
1172 2755 1411 2834 nominationis,
1436 2761 1493 2816 aut

308 2846 579 2929 praesentationis
590 2867 609 2909 a
619 2845 693 2909 sede
707 2844 883 2926 apostolica
895 2845 1172 2926 approbationem,
1188 2851 1288 2927 atque
1305 2845 1494 2908 electionem

309 2943 427 3018 petere,
451 2957 510 3000 nec
534 2957 598 2999 non
621 2935 729 2999 bullas
745 2934 906 3016 expedire,
930 2955 967 2998 ac
984 2956 1101 2998 munus
1118 2934 1371 2998 consecrationis
1395 2935 1495 2998 susci-

309 3047 392 3108 pere,
416 3034 449 3089 et
473 3026 561 3089 infra
585 3025 664 3088 alios
681 3074 688 3088 .
705 3074 711 3088 .
729 3074 736 3088 .
753 3025 793 3087 ad
820 3024 948 3088 easdem
973 3025 1123 3088 ecclesias
1147 3046 1180 3088 se
1204 3023 1358 3102 conferre,
1384 3023 1494 3104 ibique

308 3116 471 3197 pastorale
495 3114 638 3178 officium
668 3135 826 3192 exercere,
850 3121 883 3176 et
907 3114 1090 3176 animarum
1115 3134 1212 3178 curae
1236 3113 1346 3177 sedulo
1370 3114 1494 3176 incum-

309 3206 393 3284 bere,
426 3226 531 3286 neque
555 3204 630 3267 inde
654 3204 812 3282 recedere,
845 3210 904 3267 aut
928 3203 1038 3267 abesse
1063 3205 1186 3284 possint
1210 3203 1299 3267 ultra
1324 3209 1451 3285 tempus
1476 3225 1495 3265 a

309 3316 400 3358 sacro
435 3293 630 3358 Tridentino
663 3293 798 3356 concilio
831 3291 1049 3374 praefinitum,
1084 3294 1170 3375 quod
1200 3293 1296 3355 unius
1319 3293 1397 3356 anni
1421 3313 1494 3354 cum

309 3385 412 3447 altero
437 3384 526 3447 nullo
549 3390 645 3464 pacto
669 3383 829 3446 cumulari
854 3382 963 3463 possit,
989 3383 1161 3464 minusque
1186 3382 1262 3464 eligi
1286 3382 1383 3446 certis
1416 3382 1495 3444 anni

309 3473 518 3556 temporibus,
553 3471 672 3555 quibus
705 3473 846 3554 pastoris
871 3472 1057 3553 praesentia
1089 3473 1192 3553 magis
1226 3479 1273 3536 est
1305 3472 1494 3548 necessaria,

311 3564 351 3626 ab
376 3564 488 3626 eodem
511 3584 602 3626 sacro
627 3562 761 3625 concilio
785 3561 947 3625 indicatis

417 3657 460 3716 4⁰.
473 3652 559 3733 quod
576 3651 603 3715 si
619 3652 692 3732 quis
708 3674 747 3714 ex
766 3651 943 3732 praedictis
960 3651 1143 3730 nominatis
1154 3671 1211 3714 seu
1227 3650 1451 3732 praesentatis,
1463 3659 1496 3712 et

310 3741 601 3824 asedeapostolica
612 3742 809 3823 approbatis
820 3761 857 3803 ac
874 3741 985 3804 electis
1001 3741 1088 3804 inira
1105 3740 1229 3803 dietum
1241 3746 1372 3822 ⁴tempus
1389 3740 1496 3803 bullas

309 3833 501 3914 apostolicas
518 3853 582 3895 non
599 3831 807 3912 expediverit,
819 3837 878 3894 aut
894 3831 920 3894 si
937 3830 1146 3912 expediverit,
1157 3828 1409 3893 consecrationis
1426 3851 1495 3892 mu·

310 3944 370 3986 nus
393 3922 479 3984 infra
505 3921 591 3984 idem
615 3927 743 4002 tempus
767 3941 831 3983 non
855 3920 1042 4002 susceperit,
1066 3928 1125 3985 aut
1142 3920 1168 3982 si
1186 3925 1363 4002 utrumque
1383 3920 1495 4000 egerit,

309 4011 350 4073 ad
384 4012 559 4090 ecclesiam,
593 4011 645 4074 cui
678 4010 862 4092 praefectus
896 4016 952 4087 est,
985 4010 1019 4072 in
1045 4009 1185 4073 termino
1208 4029 1306 4091 supra
1330 4009 1496 4090 assignato

310 4123 373 4162 non
407 4122 439 4164 se
472 4100 657 4179 contulerit,
691 4120 729 4162 ac
754 4101 788 4163 in
813 4100 881 4162 eius
905 4098 1083 4163 residentia
1106 4099 1330 4180 permanserit,
1363 4118 1400 4160 ac
1424 4119 1495 4180 pro-

310 4190 406 4253 missa
439 4211 503 4253 non
537 4190 723 4268 servaverit,
757 4196 824 4252 tam
856 4189 958 4270 ipsius
991 4189 1152 4266 ecclcsiae,
1187 4210 1284 4270 quam
1308 4187 1496 4271 episcopalis

310 4280 462 4358 muneris,
505 4280 686 4360 potestatis,
728 4299 766 4342 ac
808 4278 983 4360 regiminis,
1022 4277 1177 4357 exercitii,
1217 4277 1424 4354 executionis,
1463 4287 1496 4339 et

310 4370 455 4432 omnium
488 4368 666 4450 insignium
699 4369 930 4450 episcopalium
963 4389 1099 4449 poenam
1132 4389 1167 4431 eo
1200 4367 1268 4449 ipso
1302 4368 1451 4430 incurrat
1477 4388 1497 4428 a

310 4459 458 4541 praefato
481 4459 610 4522 domino
645 4459 772 4537 nuncio,
805 4457 998 4541 praehabita
1023 4457 1326 4540 sedisapostolicae
1350 4456 1496 4520 commis-

310 4549 407 4628 sione,
431 4548 549 4612 summi
572 4547 735 4631 pontificis
759 4568 859 4611 mauu
883 4547 1021 4628 signata,
1051 4546 1289 4610 declarandam.
