3436 5500
793 393 981 444 ouuuvu'nrfu

832 719 937 784 XXI.

719 883 813 944 1446.
837 880 975 946 oktober
999 887 1049 946 22.

293 1043 481 1107 ’.1166666661
504 1043 650 1122 Aodi-as,
679 1043 848 1126 Haapodi
870 1046 979 1109 Jcoos
1003 1047 1204 1127 aoraaapa'
1226 1046 1422 1128 ojdroldsdro
1446 1049 1475 1112 is

288 1131 493 1209 biootlrozoo,
516 1133 542 1197 Ι
544 1134 576 1196 V.
600 1135 720 1217 Eope‘o
740 1135 894 1215 pdpdboa
916 1133 1126 1218 folporoodilc,
1149 1135 1233 1219 bopy
1256 1141 1287 1200 ot
1310 1157 1330 1200 o
1354 1138 1473 1202 6661666-

289 1220 460 1299 febe'rodri
483 1223 887 1304 scoot-Millosdcdptoloo
907 1225 1194 1308 prc‘postsdpciboa
1218 1227 1337 1308 6661666
1354 1248 1375 1291 6
1392 1229 1472 1308 1616-

532 1313 671 1378 161661όί
693 1315 976 1397 mopodlosatotott,
1000 1317 1130 1380 erosase
1153 1337 1229 1398 orep.

397 1475 589 1538 Beatissimo
605 1482 707 1556 pater.
724 1476 874 1542 Vacante
898 1477 978 1540 alias
1001 1477 1207 1558 prepositura
1230 1477 1362 1542 ecclesie
1378 1479 1472 1542 colle-

287 1564 377 1645 giate
400 1565 505 1629 sancti
528 1561 657 1630 Nicolai
682 1572 775 1629 extra
799 1588 907 1629 muros
931 1566 1041 1648 oppidi
1054 1564 1209 1629 Albensis
1219 1565 1470 1649 Vesprimiensis

285 1654 423 1717 diocesis
454 1677 513 1736 per
545 1655 672 1719 obitum
705 1656 869 1736 quondam
893 1654 1028 1719 Andree
1052 1655 1091 1718 de
1114 1656 1203 1719 Laza
1230 1657 1374 1720 eiusdem
1399 1680 1471 1740 pre-

287 1744 432 1824 positure
465 1744 572 1808 ultimi
604 1746 792 1828 possessoris
825 1751 919 1809 extra
950 1745 1076 1810 curiam
1099 1745 1281 1810 Romanam
1314 1747 1469 1827 defuncti,

285 1835 422 1898 devotus
462 1835 605 1898 eiusdem
643 1835 829 1899 sanctitatis
861 1840 967 1899 vestre
1000 1833 1152 1899 Andreas
1191 1835 1231 1898 de
1264 1836 1469 1902 Themoswar

284 1925 460 1988 canonicus
493 1925 624 1988 ecclesie
655 1926 750 1990 beate
773 1925 882 1988 Mario
905 1925 986 1988 dicti
1010 1925 1120 2007 oppidi
1144 1925 1185 1988 ad
1209 1926 1299 1989 illam
1323 1927 1388 1991 fuit
1411 1949 1469 2010 per

283 2015 455 2078 canonicos
481 2014 624 2078 eiusdem
649 2015 780 2078 ecclesie
813 2017 942 2080 electus.
977 2012 1147 2098 Supplicat
1171 2015 1275 2097 igitur
1298 2017 1468 2081 sanctitati

285 2111 391 2168 vestre
414 2105 500 2168 idem
524 2103 685 2184 Andreas
719 2126 777 2187 pro
808 2127 871 2188 quo
895 2105 995 2169 etiam
1018 2105 1189 2170 sanctitati
1213 2112 1318 2170 vestre
1342 2109 1468 2189 magni-

284 2192 365 2257 ficus
388 2194 559 2259 ‹lohannes
575 2195 615 2257 de
632 2194 770 2258 Huniad
794 2196 957 2278 waywoda
982 2195 1182 2277 gubernator
1207 2195 1372 2277 ceterique
1395 2219 1468 2278 pre-

284 2285 344 2348 lati
377 2293 410 2348 61
442 2284 580 2348 barones
612 2284 705 2366 regni
738 2285 886 2366 Ungarie
919 2285 1127 2366 scripserunt,
1169 2292 1330 2366 quatenus
1363 2286 1476 2349 eidem-

284 2374 426 2455 gratiam
450 2374 605 2438 facientes
628 2375 799 2456 specialem
816 2375 856 2438 de
872 2376 984 2439 eadem
1007 2377 1222 2457 prepositura,
1247 2375 1360 2456 quein
1377 2376 1466 2440 dicta

280 2464 417 2526 ccclesia
448 2464 638 2546 principalis
671 2465 814 2546 dignitas
847 2471 963 2528 curata
987 2472 1019 2527 61
1042 2464 1152 2528 forsan
1177 2465 1313 2528 electiva
1336 2465 1464 2546 existat,

281 2560 316 2616 et
340 2553 433 2616 cuius
456 2553 584 2617 fructus
608 2561 667 2617 otc.
692 2560 823 2617 centum
846 2553 1042 2618 florenorum
1074 2555 1146 2618 auri
1179 2554 1356 2618 secundum
1380 2576 1465 2619 com-

282 2663 413 2706 munem
438 2643 681 2706 extimationem
705 2644 847 2708 valorem
871 2665 1017 2707 annuum
1039 2665 1104 2707 uon
1129 2644 1298 2721 excedunt,
1330 2645 1396 2707 sive
1426 2651 1465 2708 ut

281 2733 488 2814 premittitur
520 2733 585 2796 sive
618 2733 698 2796 alias
731 2733 938 2815 quovismodo
971 2738 1030 2796 aut
1062 2755 1101 2797 ex
1124 2733 1259 2798 alterius
1291 2735 1464 2798 cuiuscun-

281 2843 345 2904 que
377 2844 514 2904 persona
546 2844 602 2886 666
634 2845 692 2905 per
723 2824 861 2888 liberam
893 2823 1145 2904 resignationem
1178 2823 1315 2887 alicuius
1344 2825 1383 2887 de
1406 2825 1463 2890 illa

278 2913 380 2976 etiam
403 2912 438 2975 in
462 2912 553 2976 curia
576 2933 632 2976 666
656 2919 751 2977 extra
774 2935 853 2993 eam,
877 2934 985 2977 coram
1009 2913 1137 2976 notario
1160 2913 1291 2994 publico
1314 2919 1347 2976 61
1371 2915 1463 2978 16611-

281 3003 341 3067 bus
366 3007 479 3083 sponte
502 3003 633 3076 factam,
657 3024 713 3067 seu
730 3003 997 3067 constitutionem
1015 3003 1218 3067 Execrabilis
1238 3008 1271 3066 61
1290 3010 1463 3085 propterea

279 3100 339 3155 aut
371 3093 451 3156 alias
485 3093 681 3172 generaliter
713 3093 761 3156 vel
794 3093 979 3176 specialiter
1011 3100 1184 3172 reservata,
1218 3093 1369 3156 devoluta
1402 3101 1462 3157 aut

278 3183 428 3264 litigiosa,
452 3183 521 3246 litis
542 3188 667 3246 statum
691 3190 759 3262 616,
784 3183 835 3262 611,
852 3183 1062 3264 dignaremur
1086 3183 1191 3246 eidem
1213 3182 1382 3264 providere
1405 3205 1461 3247 seu

279 3272 449 3354 provideri,
474 3271 675 3352 mandantes,
700 3293 773 3335 cum
798 3294 862 3336 non
886 3273 1093 3336 obstantibus
1117 3279 1150 3336 et
1174 3273 1327 3336 clausulis
1346 3293 1461 3354 oppor-

277 3363 375 3426 tunis.
413 3361 607 3426 Concessum
631 3369 668 3426 ut
692 3363 826 3443 petitur,
850 3363 884 3425 16
907 3362 1071 3445 presentia
1096 3362 1219 3426 domini
1243 3369 1353 3426 nostre
1377 3384 1460 3444 pape

275 3451 446 3516 dohannes
481 3451 695 3516 Zamorensis.
728 3452 774 3514 Et
801 3452 887 3533 quod
910 3474 975 3516 666
1008 3452 1159 3515 obstante
1192 3452 1394 3516 beneficiales
1427 3459 1459 3515 et

276 3563 390 3605 carum
405 3543 529 3606 ralores
544 3541 667 3623 possint
684 3542 718 3604 iu
735 3543 929 3605 cancellaria
945 3542 1090 3624 exprimi.
1120 3540 1315 3605 Concessum
1333 3542 1359 3606 J
1360 3543 1459 3606 ohan-

275 3653 332 3694 nes
356 3632 570 3696 Zamorensis
611 3631 737 3695 Datum
768 3631 871 3695 Rome
904 3632 991 3714 apud
1025 3636 1174 3695 sanctum
1197 3632 1334 3695 Petrum
1359 3632 1459 3695 unde-

273 3721 357 3784 cimo
381 3721 537 3786 kalendas
560 3721 753 3786 Novembris
777 3743 861 3785 auno
887 3721 1112 3785 sextodecimo.

383 3881 419 3939 (A
432 3877 559 3931 vatikaui
575 3878 756 3931 love'ltarban.
777 3881 898 3947 Regesta
911 3877 1154 3946 Supplicationum
1166 3877 1286 3948 Eugenii
1300 3883 1346 3932 IV.
1360 3883 1458 3930 Annus

274 3953 347 4000 XVI.
368 3949 452 4002 Liber
470 3956 526 4016 VI.‚
546 3949 594 4003 iol.
615 3953 686 4012 200.)
