3454 5492
315 435 358 498 84
810 441 998 497 1111111111
1027 477 1033 492 .

316 635 414 700 sicuti
447 633 486 696 de
519 631 613 697 nobis
645 637 678 696 et
711 631 949 697 successoribus
989 631 1109 696 nostris
1148 631 1280 714 regibus
1317 629 1500 714 Hungaria

318 731 478 807 quantum
517 723 560 787 ad
594 721 799 786 collationem
828 723 946 786 talium
978 723 1261 804 prepositurarum
1293 728 1326 785 et
1358 723 1500 807 preposi-

318 822 426 879 torum
450 814 496 876 sic
520 813 697 876 electorum
730 813 913 894 intelligere
937 813 1092 892 volumus,
1118 811 1215 875 immo
1238 816 1444 894 acceptamus
1468 817 1501 874 et

316 903 536 986 approbamus
561 907 593 966 et
617 901 853 981 confirmamus
877 902 1037 984 presentis
1062 901 1176 984 scripti
1200 902 1302 965 nostri
1319 901 1500 984 patrocinio

316 993 490 1058 mediante.
517 991 558 1055 In
592 992 684 1055 cuius
717 993 764 1055 rei
796 992 983 1056 memoriam
1016 991 1273 1074 firmitatemque
1298 997 1500 1075 perpetuam,

316 1089 481 1166 presentes
504 1083 618 1166 literas
641 1085 769 1145 nostras
793 1081 1000 1146 authenticas
1024 1083 1139 1146 secreti
1164 1081 1263 1164 sigilli
1292 1081 1403 1159 nostri,
1436 1101 1501 1164 quo

316 1180 354 1237 ut
378 1194 435 1238 rex
459 1172 634 1254 Hungarie
659 1171 792 1251 utimur,
817 1173 996 1236 munimine
1019 1170 1198 1251 roboratas
1233 1170 1353 1236 eisdem
1388 1192 1500 1254 prepo-

315 1265 387 1327 sitis
412 1269 445 1326 et
469 1260 630 1326 fratribus
654 1261 968 1326 Promonstratcnsis
992 1261 1197 1344 presentibus
1222 1268 1255 1324 et
1280 1260 1403 1325 futuris
1426 1283 1501 1325 con-

316 1354 475 1418 cedendas
498 1353 658 1416 duximus.
684 1349 810 1416 Datum
834 1353 868 1415 in
893 1372 968 1415 arce
992 1350 1164 1434 episcopali
1188 1350 1350 1416 Nitriensi
1367 1351 1401 1414 in
1417 1351 1500 1416 festo

317 1443 406 1509 beati
431 1442 561 1506 Mathai
594 1441 732 1524 apostoli
757 1448 791 1505 et
816 1441 1022 1524 evangeliste,
1056 1461 1140 1505 anno
1174 1440 1296 1505 domini
1332 1440 1501 1506 millesimo

318 1531 577 1616 quingentesimo
619 1531 751 1609 decima
794 1553 968 1614 regnorum
1008 1537 1193 1594 nostrorum
1232 1531 1406 1613 Hungarie
1440 1537 1500 1595 etc.

316 1645 400 1688 anno
424 1622 576 1704 vigesimo
600 1621 713 1704 primo,
737 1621 893 1686 Bohemie
919 1641 992 1684 vero
1016 1620 1264 1703 quadragesimo
1289 1620 1401 1703 primo.

426 1782 575 1849 (Egyszerri
596 1778 713 1832 masolat
742 1778 891 1840 diabbkori
920 1778 1016 1832 irassal
1031 1796 1060 1831 az
1083 1782 1208 1848 orszagos
1228 1778 1410 1831 leveltdrban.
1431 1781 1500 1831 Acta

318 1851 383 1903 eccl.
404 1850 560 1916 camerado,
581 1849 647 1902 fasc.
669 1859 710 1902 67.
731 1855 777 1904 Nr.
793 1854 846 1914 99.)

848 2122 977 2190 LXIV.

730 2289 823 2347 1512.
849 2287 1050 2368 saeptembcr
1075 2292 1103 2349 a.

318 2449 367 2513 H.
399 2447 529 2512 Ulctszlo'
551 2447 662 2528 kirdly
686 2469 707 2512 a
730 2449 959 2530 meptlresedett
993 2448 1111 2513 adradi
1140 2449 1323 2532 prtspdlcsep
1349 2446 1502 2528 1111111111-

320 2538 445 2602 monac
479 2537 665 2602 111111111νό1
697 2540 729 2601 e‘s
761 2557 802 2601 aa
833 2537 981 2692 pilelrlppgppc
1002 2538 1133 2620 prtspo't
1165 2538 1403 2622 beppolelrdro'l
1428 2557 1502 2601 rarr-

429 2789 632 2854 Wladislaus
655 2795 715 2854 111.
748 2790 890 2873 Egregie
914 2789 1018 2854 fidelis
1044 2789 1136 2853 nobis
1162 2789 1287 2854 dilecte.
1321 2787 1503 2854 Oertificati

320 2902 431 2944 sumus
456 2880 495 2943 de
519 2885 622 2944 morte
646 2878 752 2943 fidelis
775 2881 880 2944 nostri
904 2881 1073 2944 reverendi
1097 2881 1130 2943 in
1147 2877 1278 2944 Obristo
1302 2880 1406 2962 patris
1430 2901 1503 2943 con-

322 2971 398 3034 dam
421 2970 544 3034 domini
568 2969 770 3052 Sigismundi
795 2970 935 3052 episcopi
961 2970 1187 3034 Waradiensis
1220 2970 1333 3034 fratris
1366 2971 1424 3034 tui.
1458 2971 1504 3032 Et

321 3061 475 3142 quoniam
507 3081 573 3140 1111,
606 3060 704 3124 sicuti
737 3061 876 3124 eundem
908 3081 1033 3143 semper
1065 3081 1167 3142 usque
1199 3060 1241 3124 ad
1275 3060 1333 3123 hec
1358 3066 1504 3140 tempora

320 3151 384 3214 vite
418 3171 474 3214 sue
507 3150 594 3214 onmi
627 3150 738 3232 gracia
771 3156 805 3213 11
836 3149 1057 3216 benivolencia
1091 3156 1202 3214 nostra
1227 3150 1318 3231 regia
1341 3150 1504 3232 prosecuti

320 3249 439 3321 sumus,
464 3240 512 3304 ita
536 3241 638 3304 eciam
662 3239 779 3303 infide
804 3246 836 3303 et
860 3239 1020 3304 fidelitate
1040 3261 1117 3322 erga
1140 3261 1197 3303 nos
1222 3245 1281 3304 tua
1304 3239 1504 3318 confidimus

319 3331 411 3394 cuius
435 3336 584 3412 respectu
609 3335 709 3412 atque
732 3330 1002 3411 consideracione,
1031 3330 1352 3394 administracionem
1376 3336 1409 3392 et
1432 3351 1504 3412 pro-

320 3421 499 3484 visoratum
539 3421 627 3483 curie
666 3419 810 3484 eiusdem
848 3421 987 3500 ecclesie,
1022 3441 1085 3502 quo
1119 3419 1286 3502 hucusque
1317 3419 1360 3482 ab
1393 3421 1504 3484 eodem

320 3510 457 3574 condam
494 3509 623 3574 domino
655 3510 801 3592 episcopo
836 3516 868 3572 11
900 3511 1003 3574 fratre
1037 3518 1094 3574 tuo
1127 3509 1260 3573 functus
1292 3529 1334 3588 es,
1377 3511 1438 3574 tibi
1472 3516 1505 3571 11

321 3600 507 3665 huiusmodi
536 3599 611 3663 fidei
637 3605 670 3662 et
692 3600 878 3682 integritati
903 3607 968 3680 tue,
992 3606 1103 3664 nostra
1127 3601 1160 3663 in
1184 3619 1331 3682 persona,
1357 3600 1504 3664 commit-

321 3690 465 3770 tendum,
488 3695 521 3753 et
546 3689 633 3772 apud
658 3699 698 3769 te,
716 3690 816 3753 donec
840 3711 860 3752 a
884 3691 977 3754 nobis
1001 3689 1098 3753 aliter
1122 3689 1161 3752 de
1185 3689 1398 3772 disposicione
1421 3691 1505 3753 eius-

321 3781 394 3844 dem
426 3780 638 3862 episcopatus,
673 3781 766 3843 cuius
799 3779 932 3844 collaeio
966 3787 999 3844 et
1031 3781 1178 3862 provisi0‚
1213 3787 1250 3843 ut
1279 3779 1349 3859 scis,
1383 3780 1425 3843 ad
1449 3801 1505 3843 nos

321 3876 448 3953 spectat
472 3875 504 3934 et
528 3871 672 3952 pertinet
695 3867 781 3948 (sic),
805 3870 1056 3952 relinquendum
1081 3870 1241 3934 duximus.
1262 3867 1423 3934 Volumus
1446 3869 1505 3952 igi-

321 3967 387 4040 tur,
428 3966 460 4024 et
494 3959 647 4024 fidelitati
682 3965 737 4023 tue
770 3959 889 4023 harum
921 3961 1002 4024 serie
1034 3958 1173 4023 firmiter
1208 3959 1441 4025 committimus
1473 3966 1506 4022 et

321 4051 522 4130 mandamus,
556 4055 718 4132 quatenus
742 4049 880 4114 amodo
913 4051 1072 4132 deinceps,
1106 4071 1209 4132 usque
1242 4049 1284 4113 ad
1317 4049 1506 4112 ulteriorem

321 4147 467 4203 nostram
484 4139 751 4205 informacionem
767 4145 801 4202 et
817 4140 1019 4219 mandatum,
1035 4141 1255 4222 episcopatum
1272 4140 1378 4220 ipsum
1385 4139 1506 4202 Wara-

323 4230 476 4308 diensem,
500 4237 610 4294 nostro
635 4232 764 4293 nomine
789 4235 906 4310 tenere,
927 4236 960 4293 11
983 4230 1265 4294 administracioni
1289 4234 1505 4311 proventuum

323 4327 355 4383 et
380 4320 584 4402 provisoratu
609 4321 699 4383 curie
723 4320 867 4386 eiusdem
890 4320 1167 4402 superintendere,
1189 4326 1222 4382 et
1246 4319 1410 4382 universos
1434 4339 1505 4399 pro-

326 4416 441 4472 ventus
476 4409 627 4489 eiusdem,
662 4417 728 4474 tam
762 4410 833 4473 illos
858 4411 914 4492 qui
938 4410 1104 4492 hucusque
1128 4417 1161 4472 ct
1184 4411 1243 4472 hoc
1268 4415 1410 4489 tempore
1434 4429 1506 4488 per·

324 4505 491 4564 venerunt.
526 4521 624 4582 quam
648 4500 719 4563 illos
744 4501 800 4582 qui
826 4500 976 4582 deinceps
1008 4500 1181 4564 obventuri
1214 4504 1298 4578 sunt,
1332 4498 1507 4579 diligenter

323 4599 355 4653 ot
388 4591 532 4654 studiose
564 4589 752 4672 recolligere
786 4595 818 4652 ct
850 4591 893 4655 ad
926 4612 1041 4654 manus
1073 4597 1148 4654 tuas
1176 4589 1329 4672 recipere,
1353 4609 1390 4650 ac
1415 4588 1506 4652 nobis
