3458 5492
809 455 998 508 ovnuvtnrla

801 731 1008 799 CXXVIII.

762 901 855 959 1626.
878 896 990 978 junius
1015 900 1043 958 2.

309 1056 359 1120 ΙΙ.
377 1054 579 1120 Feminam
602 1056 763 1121 bemcttoto‘
784 1056 873 1121 irato
891 1055 1039 1120 Zuccoaa'
1061 1056 1180 1121 Vineae
1198 1060 1365 1122 cataractae
1383 1058 1493 1122 rosoci

759 1147 889 1226 pitspo'lc
914 1149 1046 1210 re'srebe.

417 1306 611 1372 Beatissimo
634 1307 669 1371 in
693 1304 826 1371 Ohristo
849 1314 943 1390 pater
967 1308 1095 1371 domine
1114 1307 1388 1372 reverendissime.
1412 1307 1492 1372 Post

309 1397 576 1462 officiosissimam
601 1397 912 1461 commendationem
936 1398 1044 1461 filialis
1061 1397 1285 1461 observantiae
1301 1399 1492 1461 continuum

308 1487 554 1550 incrementum.
580 1485 673 1550 Inter
692 1487 821 1570 primos,
841 1487 897 1568 qui
914 1487 1036 1550 virtute
1053 1509 1112 1551 sua
1129 1487 1342 1569 benignitatis
1361 1493 1491 1552 nostrae

310 1575 463 1641 affectum
487 1577 617 1656 arctius
635 1575 698 1640 sibi
718 1577 909 1654 consiliavit,
934 1576 1050 1640 merito
1073 1575 1266 1658 primarium
1291 1577 1397 1640 locum
1418 1597 1491 1640 con-

309 1666 432 1731 siliario
465 1671 575 1729 nostro
607 1665 718 1730 comiti
737 1664 913 1730 Vincentio
929 1665 1080 1730 Zuocono
1100 1685 1286 1731 caesareum
1312 1667 1409 1730 hocce
1433 1667 1491 1729 tri-

307 1756 381 1820 buit
402 1756 632 1819 testimonium.
643 1754 762 1822 Virum
787 1757 854 1837 jam
878 1778 897 1819 a
920 1755 1032 1819 multis
1051 1756 1155 1835 annis,
1180 1763 1251 1819 tum
1274 1756 1308 1820 in
1332 1757 1382 1836 iis,
1407 1776 1491 1838 quae

308 1852 432 1910 nosmet
466 1845 550 1928 ipsos
583 1852 683 1926 atque
716 1845 940 1909 charissimam
979 1845 1148 1927 coniugem
1181 1851 1326 1909 nostram
1358 1846 1491 1928 propius

307 1941 516 2014 concernunt,
536 1942 607 1999 turn
624 1934 723 1998 etiam
739 1934 773 1998 in
791 1935 929 2017 publicis
953 1935 1092 2017 negotiis
1115 1935 1250 2016 agendis
1274 1942 1307 1999 et
1331 1954 1491 2016 exequen-

307 2024 365 2103 dis,
390 2044 520 2088 severe
544 2025 714 2103 sincerum,
738 2031 926 2106 promptum
958 2030 991 2087 et
1022 2023 1206 2104 sollicitum,
1239 2024 1287 2088 ita
1319 2025 1491 2106 insigniter

306 2114 502 2195 prudentem
534 2121 568 2177 et
599 2114 800 2178 industrium
831 2135 955 2196 semper
987 2114 1113 2196 experti
1139 2135 1258 2194 sumus,
1292 2119 1330 2177 ut
1352 2113 1491 2177 fiduciae

308 2209 438 2268 nostrae
471 2204 663 2285 munerique
696 2226 753 2268 suo
788 2225 848 2267 non
876 2203 979 2267 solum
1005 2203 1128 2285 ubique
1153 2203 1350 2268 satisfecerit
1373 2204 1490 2285 plenis-

307 2293 394 2371 sime,
418 2293 597 2358 sedetiam
632 2294 819 2375 quarumvis
853 2293 1047 2357 ulteriorum
1075 2293 1292 2356 laudabilium
1316 2293 1489 2372 actionum,

308 2403 391 2465 quae
415 2381 614 2464 reipublicae
638 2382 817 2446 catholicae
841 2385 981 2446 maxime
997 2383 1184 2446 fructuosae
1202 2383 1340 2446 existere
1355 2383 1489 2466 possint,

306 2471 521 2536 certissimam
544 2472 578 2535 in
595 2492 628 2535 se
645 2492 733 2554 spem
762 2472 940 2554 reliquerit.
965 2471 1006 2535 In
1031 2493 1169 2554 quorum
1193 2472 1371 2554 insignium
1394 2474 1489 2536 meri-

306 2566 414 2624 torum
447 2561 615 2643 publicum
648 2569 875 2625 ornamentum
908 2567 1229 2644 monumentumque,
1263 2562 1349 2644 quod
1382 2563 1489 2644 ipsum

306 2671 403 2734 opera
427 2671 485 2732 pro
509 2651 631 2714 virtuto
656 2672 715 2715 sua
744 2651 871 2715 utiliter
899 2650 1116 2734 impendenda
1140 2652 1289 2715 latiorem
1305 2652 1339 2714 in
1357 2651 1489 2715 ecclesia

306 2759 455 2823 campum
480 2740 615 2822 aperiat,
641 2761 713 2803 oum
737 2741 842 2804 eidem
866 2741 977 2804 comiti
1002 2741 1153 2806 Zucoono
1170 2741 1306 2805 titulum
1322 2741 1490 2806 Rosanen-

305 2831 348 2896 sis
381 2829 522 2913 episcopi
554 2831 806 2894 contulerimus:
846 2831 1057 2894 sanctitatem
1080 2837 1222 2894 vestram
1254 2830 1349 2894 solito
1381 2831 1490 2895 filialis

305 2919 531 2983 observantiae
565 2917 685 2983 affectu
718 2928 751 2984 et
781 2942 880 3002 quam
906 2920 1152 3001 diligentissime
1176 2919 1371 3002 requirimus
1396 2941 1490 3002 roga-

305 3030 451 3091 musque,
484 3014 522 3072 ut
554 3030 650 3091 quem
684 3010 869 3074 memoratis
902 3010 1040 3091 aliisque
1074 3009 1268 3089 nominibus
1294 3031 1358 3073 non
1383 3011 1489 3074 minus
1532 3062 1534 3066 .

305 3099 373 3176 hoo,
389 3120 489 3180 quam
504 3097 577 3162 aliis
597 3099 699 3181 magis
724 3100 850 3164 eximiis
873 3099 1033 3182 praemiis,
1058 3099 1285 3181 dignissimum
1308 3099 1489 3180 laudamus,

304 3188 411 3270 ipsum
434 3188 468 3251 in
492 3187 557 3251 ista
580 3189 785 3271 episcopatus
814 3189 976 3272 dignitate
999 3189 1139 3272 benigne
1163 3189 1399 3268 confirmatum,
1431 3211 1490 3253 sua

304 3298 433 3360 quoque
448 3277 616 3360 pontificia
632 3277 856 3342 munificentia
872 3285 1007 3362 paterne
1023 3278 1175 3360 prosequi
1192 3278 1355 3361 dignetur.
1371 3278 1489 3343 Prouti

305 3367 475 3431 sanctitati
508 3374 634 3431 vestrae
666 3369 858 3450 petitionem
892 3370 992 3432 etiam
1025 3369 1096 3431 viva
1128 3389 1204 3432 voce
1235 3374 1345 3432 orator
1380 3376 1489 3432 noster

304 3456 454 3539 princeps
487 3455 645 3536 Sabellus,
678 3479 776 3539 quern
804 3459 953 3540 benignis
977 3458 1112 3523 auribus
1136 3458 1259 3540 percipi
1283 3458 1357 3539 pari
1380 3458 1489 3522 studio

305 3567 465 3628 rogamus,
505 3547 790 3612 commendaturus
828 3555 886 3612 est.
926 3545 1097 3630 Quidquid
1134 3552 1246 3611 autem
1284 3547 1347 3629 ipsi
1378 3547 1489 3611 comiti

304 3636 454 3699 Zuccono
479 3657 499 3698 a
522 3636 699 3700 sanctitate
732 3643 839 3701 vestra
873 3637 1021 3700 beneficii
1050 3637 1190 3715 accedet,
1215 3636 1249 3700 in
1274 3637 1343 3700 eius
1366 3637 1488 3702 vicissi-

306 3724 455 3788 tudinem
480 3727 611 3808 quaevis
636 3726 851 3808 gratitudinis
874 3728 1061 3790 testimonia
1085 3731 1118 3790 et
1136 3725 1247 3790 filialis
1263 3726 1488 3791 observantiae

305 3815 462 3896 obsequia
493 3815 724 3898 promittimus.
758 3817 875 3880 Eidem
908 3815 1078 3881 sanctitati
1104 3821 1251 3899 vestrae,
1273 3823 1311 3880 ut
1334 3838 1354 3880 a
1378 3817 1489 3880 divina

304 3904 474 3968 maiestate
498 3905 532 3968 in
557 3904 676 3969 multos
700 3927 801 3970 annos
825 3913 972 3970 servetur
996 3906 1166 3969 incolumis
1186 3927 1224 3970 ex
1241 3908 1349 3970 animo
1371 3906 1488 3989 adpre·

305 4000 381 4057 cant
383 4015 424 4058 es.
458 3993 585 4058 Datum
617 3991 766 4060 Viennae
799 3995 852 4059 die
880 3995 1022 4059 secunda
1046 3994 1142 4058 Junii
1166 3995 1334 4060 millesimo
1358 4015 1487 4060 sexcen-

304 4084 418 4147 tesimo
452 4083 606 4165 vigesimo
638 4092 738 4164 sexto,
772 4107 946 4167 regnorum
969 4090 1042 4149 nost
1044 4107 1154 4148 rorum
1178 4086 1318 4150 Romani
1343 4092 1413 4168 sept
1414 4087 1487 4212 imo,

305 4171 463 4254 Ungarioi
487 4180 599 4236 octavo
624 4180 657 4238 et
681 4174 848 4238 Bohemici
872 4196 963 4238 nono.

411 4278 541 4344 Sanctit
528 4281 606 4344 tatis
631 4287 756 4345 vestrae
1152 4282 1331 4364 obsequens
1355 4281 1441 4346 filius

1174 4371 1413 4435 Ferdinandus.

410 4511 446 4572 (A
477 4509 661 4577 congregatio
693 4509 895 4562 Oonsistorialis
927 4513 1125 4563 leveltaraban.
1157 4515 1229 4563 Acta
1213 4512 1422 4580 NJOongrega'
1415 4512 1486 4564 lonis

304 4579 501 4633 consistorialis
525 4587 719 4646 1622-1626,
742 4580 789 4632 f.ol
816 4585 885 4643 126.)
