3458 5492
462 475 481 512 ι
504 475 625 513 unsrun
648 475 706 514 nm.
731 469 861 514 unarum
885 474 939 514 soc
962 463 1190 514 ubnuuunurtusz.
1355 457 1418 514 213

239 647 445 727 conscientia,
488 647 638 712 ecclesias
679 654 833 712 vacantes
875 648 1068 730 relinquere
1109 649 1155 712 ut
1193 653 1325 712 sanctus
1342 657 1344 664 '
1362 672 1418 712 rex

240 738 426 821 Stephanus
459 744 570 820 aperte
603 737 833 819 sapienterque
865 737 1068 822 praescribit,
1102 738 1261 820 quomodo
1287 739 1418 822 regibus

237 827 478 910 procedendum
495 847 568 890 cunr
586 825 635 906 iis,
660 827 716 909 qui
737 825 938 892 contrarium
962 827 1106 891 suadent.
1130 827 1309 909 Postquam
1334 829 1419 891 enim

239 918 294 982 lib.
322 922 340 980 2
371 915 508 982 Constit.
526 915 603 1002 (lap.
632 921 647 978 1
679 917 850 995 docuisset,
865 917 1049 999 obligatum
1065 937 1132 980 esse
1147 938 1265 998 regem,
1282 923 1319 980 ut
1334 918 1419 981 bona

239 1007 404 1071 ecclesiast
405 1006 455 1070 ica
479 1007 582 1108 magis
605 1027 703 1087 quam
722 1007 854 1088 propria
871 1006 1026 1070 defendat
1012 1011 1075 1070 tet
1091 1012 1219 1088 augeat,
1198 1007 1419 1071 ttsubnecit.
1413 1031 1419 1042 ·

239 1110 310 1160 tum
342 1097 398 1182 qui
429 1097 498 1177 regi
527 1102 603 1160 cont
605 1096 728 1159 narium
762 1096 884 1174 suadet,
915 1096 993 1159 licet
979 1096 1178 1178 tobsequiis
1199 1059 1419 1162 saecularibus

239 1187 384 1268 alioquin
409 1187 610 1250 necessarius
634 1191 725 1265 esset,
702 1143 1005 1251 tabscindendum
1033 1207 1070 1250 ac
1098 1187 1189 1270 regia
1212 1187 1289 1272 aula
1312 1187 1419 1250 exclu-

239 1277 381 1340 dendum
406 1296 481 1339 esse.
515 1275 642 1341 Verum
666 1275 753 1338 dicet
780 1275 908 1357 aliquis,
934 1275 1053 1340 damna
1078 1275 1264 1360 spiritualia
1287 1297 1420 1358 praeca-

238 1366 307 1429 veri
329 1386 428 1448 posse,
462 1359 489 1427 si
522 1370 658 1428 vacante
691 1365 880 1446 praelatura
914 1365 1062 1444 vicarius,
1090 1386 1146 1428 seu
1171 1366 1419 1430 administrator

238 1457 272 1518 in
305 1453 550 1558 spiritualibus
564 1451 783 1536 praeficiatur.
817 1455 888 1536 Ego
920 1476 995 1518 vero
1019 1454 1096 1518 hact
1083 1461 1178 1518 tenus
1203 1455 1331 1538 assequi
1355 1477 1418 1519 non

238 1545 339 1626 potui,
372 1544 459 1607 unde
483 1543 573 1626 regia
605 1544 758 1625 majestas
782 1543 884 1626 possit
907 1545 1060 1609 habere
1049 1566 1102 1627 yus
1125 1543 1258 1626 aliquod
1281 1566 1339 1626 per
1362 1546 1419 1609 ad-

239 1633 513 1698 ministrationem
536 1633 751 1715 praecavendi
774 1633 893 1697 damna
912 1634 1097 1698 animarum
1117 1640 1150 1698 et
1165 1655 1230 1698 non
1245 1656 1304 1718 per
1326 1656 1419 1716 prae·
1460 1681 1464 1688 .

238 1725 286 1787 lat
273 1729 351 1787 t.um
375 1723 519 1787 Namt
486 1728 519 1786 et
537 1723 622 1804 leges
647 1721 841 1806 Hungariae
865 1725 1017 1787 sanciunt
1033 1731 1066 1787 et
1081 1723 1187 1806 prima
1211 1723 1417 1788 ecclesiarum

239 1813 366 1877 lundat'
343 1819 388 1876 tm
412 1813 530 1876 habet:
553 1813 705 1894 ecclesiae
728 1833 786 1894 per
801 1813 964 1895 praelatos
987 1813 1143 1879 administ
1129 1820 1218 1879 ttren
1220 1836 1267 1877 ur.
1291 1813 1419 1877 Deinde

238 1903 334 1966 nimis
358 1901 529 1988 imperitus
553 1909 602 1966 est
625 1923 734 1966 rerum
757 1901 1058 1990 Hungarioarum
1049 1925 1113 1966 nuo
1136 1924 1247 1966 rerum
1271 1904 1418 1968 eeclesia-

239 1993 404 2071 sticarum,
429 1993 485 2073 qui
509 1991 572 2055 sibi
595 1991 799 2074 persuadeat,
823 2013 881 2079 per
900 1982 1111 2058 administt
1043 1999 1095 2056 tra
1097 1993 1217 2057 tionem
1241 2014 1332 2075 posse
1348 1992 1418 2058 offi-

239 2083 287 2148 cio
310 2088 384 2163 past
370 2041 468 2146 tdrali
491 2087 543 2145 sat
529 2079 650 2144 tistieri.
684 2081 771 2146 Nam
800 2074 1010 2146 administrat
996 2088 1057 2146 tor
1075 2083 1262 2164 quicunque
1284 2084 1418 2147 tandem

238 2173 289 2250 sit,
314 2192 373 2236 nec
397 2171 638 2251 auctoritatem,
671 2191 729 2234 nec
753 2171 838 2234 vires
860 2193 922 2236 neo
943 2171 1123 2254 potentiam
1146 2179 1220 2236 tant
1222 2193 1275 2237 am
1298 2171 1418 2236 habere

238 2267 352 2344 potest,
386 2267 511 2342 quanta
543 2261 724 2346 necessaria
757 2267 805 2325 est
838 2262 880 2325 ad
908 2283 1026 2326 munus
1054 2261 1217 2344 pastorale
1250 2261 1313 2326 rite
1346 2283 1418 2344 per-

239 2351 411 2432 agendum.

346 2439 505 2522 Exempla
521 2460 604 2592 ιιιιιι
620 2437 775 2504 adferunt
761 2446 817 2504 tur
833 2440 868 2502 in
884 2439 1095 2526 contrarium,
1114 2441 1197 2504 nihil
1210 2440 1417 2504 concludunt.

190 2575 193 2582 -
238 2527 324 2612 Quia
357 2529 461 2594 multa
493 2535 570 2592 sunt
603 2529 754 2618 cntempla
780 2529 1048 2612 transgressionis
1085 2530 1194 2612 legum
1224 2529 1418 2608 divinarum.

236 2640 275 2682 ex
309 2619 428 2701 quibus
461 2609 525 2682 non
550 2624 639 2682 recte
662 2619 794 2700 colligas
817 2619 888 2682 licit
875 2625 943 2683 tam
964 2640 1033 2684 esse
1055 2620 1251 2703 ejusmodit
1253 2639 1418 2700 ransgres-

193 2766 197 2775 ,
236 2710 366 2773 sionem.
391 2709 437 2771 Et
423 2708 632 2772 terratum'
623 2731 657 2771 ιιι
675 2709 773 2773 rebus
792 2709 969 2774 ecclesiast
945 2709 1019 2772 treis
1043 2709 1127 2772 mult
1113 2709 1351 2792 tipliciterat
1353 2730 1418 2772 ern-

236 2820 313 2880 pore
346 2797 567 2882 Maximiliani
599 2799 738 2862 caesaris
770 2819 862 2862 nemo
892 2798 1002 2864 nescit.
980 2797 1100 2862 ttAn
1086 2805 1140 2862 tea
1163 2819 1238 2863 vero
1261 2819 1326 2862 non
1346 2807 1418 2862 erat

237 2889 290 2952 sic.
314 2888 402 2952 Nam
425 2894 464 2950 ut
487 2909 527 2951 ex
554 2887 722 2952 Historiae
754 2887 905 2971 Istvaniy
936 2887 1039 2952 Libro
1074 2893 1092 2950 6
1130 2893 1265 2967 constat,
1289 2894 1418 2951 mortuo

238 2978 363 3041 Thema
388 2977 515 3041 Bathotz
539 2999 624 3041 anno
652 2982 747 3042 1520.
780 2978 892 3042 eodem
924 2999 1009 3041 anno
1033 2976 1195 3041 substitut
1141 2983 1233 3042 tutus
1257 2975 1418 3058 Georgius

237 3066 276 3131 Su
279 3066 423 3148 tkmary
448 3065 515 3130 Hic
531 3088 615 3130 anno
634 3072 728 3131 1522.
753 3068 902 3146 moritur,
927 3068 980 3130 cui
1004 3067 1115 3131 eodem
1134 3087 1219 3132 anno
1242 3067 1418 3131 Ladislaus

237 3155 376 3221 Szalhan
401 3156 546 3220 substitu
509 3161 610 3236 tutus,
634 3177 673 3220 ex
691 3157 805 3220 eadem
830 3156 919 3220 Hist
942 3155 1015 3220 Lib.
1043 3160 1069 3218 7.
1089 3154 1189 3238 (laeso
1213 3157 1255 3222 ad
1279 3156 1417 3222 Μιιιιιιι

237 3245 397 3312 Szalkano
430 3267 515 3309 anno
550 3205 644 3328 152⁷6,
687 3253 725 3309 ut
757 3245 808 3309 Ist
810 3247 908 3329 vanfy
939 3247 994 3310 lib
1028 3251 1047 3308 8
1077 3245 1184 3325 habet,
1218 3233 1362 3310 substitu

235 3337 301 3399 ιιιιι
324 3357 380 3417 per
404 3335 429 3399 J
431 3355 567 3399 oannem
592 3335 783 3419 Scepusium
798 3336 909 3399 eodem
925 3357 1011 3400 anno
1026 3335 1151 3399 Paulus
1167 3295 1310 3418 Vanday,
1335 3252 1417 3400 tesbd

236 3427 287 3489 Ist
274 3425 387 3507 tvaniy
418 3425 473 3488 lib.
508 3431 537 3506 9,
567 3447 662 3508 quem
696 3432 729 3489 et
757 3425 988 3489 Fordinandus
1013 3447 1070 3489 rex
1093 3446 1151 3489 suo
1174 3426 1243 3490 loco
1266 3426 1417 3508 reliqui,

237 3520 322 3579 mort
324 3537 384 3577 uus
408 3521 457 3578 est
480 3513 618 3598 Varday
640 3522 673 3579 et
698 3515 872 3579 Tirnaviae
895 3516 1002 3598 sepult
1004 3536 1042 3579 ιιι
1066 3536 1151 3579 anno
1177 3520 1272 3594 1549,
1306 3523 1345 3578 ut
1368 3536 1418 3578 re-

235 3605 302 3668 fert
332 3605 383 3668 Ist
369 3604 481 3686 tvanfy
514 3605 570 3669 lib
605 3611 663 3687 163
697 3605 750 3668 cui
783 3627 868 3670 anno
894 3609 978 3668 1553
1004 3604 1164 3668 substitut
1111 3609 1212 3686 tutus,
1246 3611 1329 3669 teste
1296 3605 1417 3669 Itst-

236 3694 342 3798 vanty
358 3694 441 3758 libro
468 3699 508 3758 19
534 3695 663 3758 demum
688 3693 821 3774 Olahus‚
852 3695 936 3760 obiit
922 3701 1063 3758 tanno
1087 3697 1173 3757 1568
1206 3695 1257 3758 die
1292 3699 1332 3758 16
1356 3695 1417 3758 Ja-

236 3785 353 3862 nuarii,
382 3791 420 3847 ut
444 3784 528 3887 lapis
553 3783 765 3867 sepulchralis
791 3784 974 3867 Tynnaviae
998 3784 1138 3848 existens
1163 3784 1271 3863 habet,
1304 3785 1417 3848 statim

237 3894 322 3937 anno
341 3873 530 3956 insequenti
504 3879 641 3938 ι1569
666 3872 804 3938 Verant
780 3879 846 3937 t1us
870 3873 934 3937 fuit
958 3873 1080 3937 substit
1066 3879 1167 3952 tut‚us
1192 3896 1267 3938 narn
1284 3873 1318 3937 in
1334 3874 1417 3937 libro

235 3963 339 4045 Regio
372 3984 457 4027 anno
492 3969 576 4027 1569
609 3963 687 4027 ιοιιο
722 3968 805 4026 1113
840 3964 940 4027 habet
926 3970 981 4027 tur
1015 3963 1126 4028 donat
1102 3969 1157 4042 tro,
1191 3985 1256 4046 qua
1289 3963 1417 4027 domino

235 4053 395 4117 'Verantio
437 4054 573 4118 collatus
614 4053 816 4135 episcopatus
852 4075 937 4118 anno
972 4057 1056 4115 1569
1091 4053 1143 4116 die
1178 4057 1216 4116 17
1255 4051 1416 4117 Octobris

238 4143 397 4224 Exempla
429 4143 532 4224 igitur
565 4164 648 4224 quac
681 4143 878 4206 adferuntur
911 4143 1055 4206 recentia
1088 4148 1174 4222 sunt,
1207 4143 1319 4206 multis
1346 4150 1417 4226 post

236 4231 461 4296 fundationem
480 4233 683 4314 episcopatus
709 4233 845 4296 saeculis
869 4239 942 4296 orta
966 4239 999 4295 et
1025 4253 1061 4295 eo
1081 4237 1225 4315 tempore
1250 4239 1416 4315 usurpata,

236 4342 299 4402 quo
324 4323 440 4404 nuperi
464 4343 588 4385 errores
608 4323 641 4384 in
662 4321 838 4403 Hungaria
862 4322 1103 4399 convaluerant,
1120 4327 1153 4384 et
1168 4323 1333 4387 stantibus
1350 4345 1417 4385 ma-

235 4411 298 4492 jori
321 4433 359 4475 ex
383 4418 477 4493 parte
502 4411 755 4475 difficultatibus
778 4413 820 4476 ab
845 4411 933 4476 avita
957 4410 1020 4475 fide
1044 4411 1226 4493 regnicolae
1242 4434 1307 4476 non
1323 4413 1416 4475 modo

235 4501 376 4566 libenter
400 4522 514 4566 vacare
537 4500 760 4584 patiebantur,
784 4501 1018 4565 verumetiam
1042 4501 1246 4581 laborabant,
1272 4509 1309 4566 ut
1324 4523 1416 4584 prae-

235 4590 364 4654 laturae
398 4591 527 4654 omnino
555 4591 772 4656 abolerentur.
796 4591 1018 4656 Nihilominus
1042 4591 1092 4654 his
1115 4591 1193 4674 ipsis
1217 4591 1416 4673 temporibus
