3454 5492
331 419 374 478 42
828 425 1017 481 9119191119

332 611 484 688 cedimus,
508 611 596 674 salvo
620 612 691 674 iure
715 612 829 692 alieno,
863 612 981 676 harum
1004 612 1192 676 litterarum
1217 620 1411 692 nostrarum,
1445 615 1516 696 qui-

332 701 392 764 bus
417 706 578 764 secretum
611 700 755 782 sigillum
788 708 936 765 nostrum
961 723 1024 783 quo
1049 708 1087 765 ut
1111 723 1169 765 rex
1192 703 1366 784 Hungarie
1391 705 1517 766 utimur

332 797 380 852 est
405 811 602 871 appressum,
617 791 726 872 vigore
750 798 783 854 et
808 792 992 855 testimonio
1018 791 1243 856 mediante-
1262 793 1387 857 Datum
1413 793 1516 870 Bude,

331 879 414 942 feria
453 886 544 943 sexta
583 881 730 962 proxima
762 887 834 962 post
867 881 988 944 festum
1022 887 1233 964 pentecostes,
1275 904 1360 947 anno
1394 884 1516 948 domini

332 969 501 1034 millesimo
526 969 848 1052 quadringentesimo
873 971 1143 1053 quinquagesimo
1167 979 1288 1035 octavo.

440 1123 594 1190 (Eredetije
614 1144 645 1178 az
664 1129 789 1196 orszagos
808 1125 927 1179 leveltar
945 1125 1141 1194 diplomatikai
1164 1129 1351 1196 osztalyaban.
1365 1137 1459 1181 15245.
1471 1131 1518 1191 sz.)

840 1379 1015 1446 XXXIV.

775 1548 869 1607 1461
893 1546 998 1672 majus
1025 1549 1075 1608 28.

333 1704 382 1766 ΙΙ.
397 1703 894 1786 1)((99991911199,(9919191111
918 1704 1063 1782 1999
1086 1703 1169 1788 cJJ
1185 1702 1517 1786 9199111919(

333 1793 831 1876 (9999111199999919,
864 1793 1516 1877 9999111)191919199199919991111

765 1883 851 1966 J'oJot
875 1885 1074 1967 9991191911

440 2045 513 2108 Mct
500 2051 536 2108 tu
567 2045 707 2146 proprio.
740 2044 866 2108 Dileclo
898 2044 965 2108 filio
990 2045 1094 2109 Paulo
1118 2045 1347 2110 archidiacono
1372 2045 1514 2109 Kamar-

332 2135 418 2197 censi
452 2141 484 2197 et
517 2135 670 2198 canonico
708 2135 910 2216 prebendae
892 2135 976 2198 oin
1017 2135 1151 2199 99919919
1190 2123 1415 2217 Zagrabiensi,
1459 2135 1517 2216 qui

332 2224 421 2300 alias,
462 2225 730 2306 (1199999111199,
773 2225 1020 2289 archidiaconat
1006 2231 1077 2289 tum
1115 2225 1300 2289 huiusmodi
1340 2246 1379 2288 ex
1418 2246 1517 2289 causa

332 2314 583 2394 permutationis
616 2335 674 2396 pro
705 2314 974 2378 archidiaconatu
999 2314 1116 2394 Vasca,
1150 2335 1246 2397 quern
1278 2321 1357 2378 tunc
1382 2315 1516 2378 tenebat

332 2425 406 2465 cum
431 2403 573 2485 quodam
596 2404 701 2466 Paulo
728 2403 767 2467 de
791 2401 1348 2487 (1999191199(19199999991991911919
1372 2403 1517 2480 diocesis,

331 2497 425 2556 extra
441 2493 623 2556 Romanam
640 2493 765 2556 curiam
782 2503 815 2556 et
831 2494 865 2556 in
881 2493 1032 2576 partibus
1056 2495 1151 2574 19919,
1172 2495 1272 2557 etiam
1296 2514 1336 2556 ex
1359 2514 1514 2557 consensu

332 2582 496 2662 quondam
520 2582 643 2645 domini
666 2582 771 2646 Ulrici
796 2584 923 2647 comitis
946 2581 1037 2662 Oine,
1070 2584 1111 2647 ad
1144 2605 1240 2666 quem
1264 2591 1344 2648 tunc
1368 2583 1418 2646 ius
1441 2605 1516 2666 pre-

332 2672 482 2736 sentandi
506 2672 548 2734 ad
573 2673 719 2751 eundern,
743 2694 783 2735 ex
807 2674 1009 2737 concessione
1033 2674 1131 2755 regia,
1156 2680 1302 2755 spectare
1326 2673 1514 2737 dinosceba-

333 2769 396 2841 tur,
420 2761 521 2825 fuerit
545 2768 578 2824 et
601 2761 645 2826 sit
669 2769 845 2842 assecutus,
869 2783 993 2827 necnon
1017 2765 1245 2827 canonicatum
1265 2769 1298 2826 et
1314 2763 1513 2844 prebendam

332 2851 418 2914 dicte
451 2851 582 2914 ecclesie
615 2851 846 2933 Zagrabicnsis
879 2874 937 2934 per
970 2853 1097 2916 obitum
1137 2853 1301 2935 quondam
1340 2852 1515 2917 Michaelis

333 2939 494 3020 Tosonrez,
533 2941 664 3004 illorum
697 2941 775 3004 dum
808 2943 889 3006 vixit
924 2944 1122 3024 possessoris
1161 2943 1261 3006 etiam
1295 2943 1329 3005 in
1363 2942 1515 3024 partibus

332 3031 489 3110 defuncti,
513 3037 675 3110 vacantes,
699 3031 807 3095 dictus
840 3033 1003 3114 quondam
1037 3033 1170 3096 Ulricus
1196 3053 1308 3110 comes,
1343 3032 1384 3095 ad
1418 3053 1514 3113 quem

332 3121 430 3184 etiam
455 3141 493 3183 91(
517 3122 630 3184 eadem
654 3123 856 3186 concessione
889 3123 939 3203 jus
971 3123 1182 3204 presentandi
1206 3122 1249 3184 ad
1273 3122 1343 3185 11199
1368 3128 1516 3203 99991919

333 3219 411 3273 tunc
450 3212 666 3289 asserebatur,
706 3212 845 3274 eundem
885 3211 1026 3274 Paulum
1059 3219 1138 3276 tunc
1175 3211 1328 3293 temporis
1367 3210 1514 3292 episcopo

332 3300 547 3381 Zagrabiensi
571 3300 613 3364 ad
637 3300 877 3364 instituendum
901 3301 936 3363 in
959 3301 1079 3365 eisdem
1104 3307 1136 3364 91
1159 3301 1201 3364 ad
1227 3301 1458 3365 conferendum
1482 3306 1515 3363 91

332 3391 565 3472 assignandum
588 3389 651 3454 sibi
675 3391 802 3454 eosdem
825 3392 1071 3471 presentaverit,
1097 3391 1248 3472 quodque
1272 3391 1371 3454 etiarn
1394 3391 1515 3472 episco-

331 3502 391 3562 pus
416 3480 457 3542 ad
482 3479 669 3544 huiusmodi
701 3480 976 3562 presentationem
1009 3481 1134 3544 dictum
1165 3487 1328 3544 oratorem
1361 3481 1394 3542 in
1418 3480 1515 3543 dictis

332 3571 526 3633 canonicatu
542 3577 575 3632 91
590 3570 757 3650 prebenda
781 3570 966 3634 instituerit
982 3577 1014 3633 91
1033 3570 1161 3634 eosdem
1185 3570 1248 3634 sibi
1271 3590 1345 3634 cum
1365 3569 1517 3633 onmibus

331 3659 459 3740 juribus
492 3666 525 3722 91
558 3659 765 3741 pertinentiis
802 3661 978 3723 eorundem
1015 3659 1193 3724 contulerit
1225 3667 1258 3723 91
1291 3661 1516 3742 assignaverit,

331 3750 527 3830 possessione
560 3749 659 3812 9119111
693 3750 869 3812 eorundem
901 3751 1113 3831 apprehensa,
1147 3755 1180 3811 et
1211 3750 1353 3832 possidet
1387 3750 1514 3814 eosdem

333 3839 371 3901 (19
404 3839 556 3920 presenti,
595 3860 632 3901 99
665 3839 865 3920 permutatio
898 3846 931 3903 91
963 3839 1032 3903 eius
1063 3839 1173 3920 vigore
1211 3840 1301 3905 19919
1339 3840 1517 3921 resignatio

332 3928 617 3992 archidiaconatus
649 3929 835 3992 huiusmodi
859 3936 891 3992 91
916 3929 954 3992 (19
979 3929 1090 3992 eodem
1114 3950 1238 3994 necnon
1263 3930 1457 3994 canonicatu
1482 3937 1515 3992 91

332 4019 498 4098 prebenda
522 4018 652 4082 collatio
676 4026 709 4081 91
733 4019 911 4099 assignatio
934 4039 972 4082 99
997 4020 1173 4098 1991119119,
1199 4021 1284 4084 sicut
1301 4021 1514 4101 premittitur,

332 4107 420 4170 facta
445 4128 482 4170 ac
506 4108 614 4171 omnia
638 4109 713 4171 inde
739 4115 850 4172 secuta
873 4109 998 4172 viribus
1021 4110 1198 4173 subsistere
1223 4110 1405 4188 dubitatur,
1430 4111 1514 4172 illos·
1585 4147 1588 4154 ⁴

333 4217 394 4276 (919
419 4197 721 4262 archidiaconatum
746 4220 784 4261 ex
809 4198 897 4262 dicta
931 4199 1150 4280 resignatione
1175 4221 1248 4262 cum
1272 4199 1360 4263 dicta
1386 4221 1516 4280 99111111-

333 4286 465 4364 tatione,
499 4307 624 4350 necnon
657 4289 887 4351 canonicatum
910 4297 943 4353 et
967 4289 1166 4371 prebendam
1199 4311 1256 4371 per
1280 4291 1405 4353 obitum
1435 4289 1514 4352 dicti

333 4376 497 4456 qiroudam
522 4376 695 4440 Michaelis
719 4378 827 4441 adhuc
841 4399 956 4442 vacare
981 4380 1195 4458 asserebatur,
1219 4379 1323 4441 eidem
1347 4379 1451 4442 Paulo
1475 4379 1517 4441 de

332 4466 428 4528 (119119
461 4465 730 4531 archidiaconatu
762 4470 981 4532 Kamarcensi
1013 4489 1136 4531 necnon
1169 4470 1363 4531 canonicatu
1387 4477 1419 4531 et
1443 4491 1516 4550 pre-

333 4555 438 4618 benda
468 4555 663 4636 hujusmodi,
689 4558 809 4638 quide
834 4559 906 4638 jure
931 4565 1126 4639 patronatus
1154 4557 1239 4638 regis
1267 4559 1415 4639 ngarie
1448 4581 1516 4622 esse
