3436 5500
298 407 341 467 24
795 411 982 464 susurrum

297 598 450 662 duximus
474 619 512 662 ea
535 597 603 660 vice
626 595 811 678 specialiter
843 597 1072 660 reservandam
1104 596 1314 659 decernentes
1337 617 1376 658 ex
1401 601 1480 658 tunc

296 688 481 752 irritum...
506 686 533 750 si
557 707 700 750 secus..
725 686 928 767 contingeret
952 685 1154 767 attemptari.
1178 685 1390 749 Postmodum
1405 705 1480 748 vero

295 778 425 860 prefata
449 775 583 840 ecclesia
605 797 663 858 per
687 775 813 838 obitum
836 775 938 857 ipsius
962 774 1109 854 Henrici,
1144 775 1200 857 qui
1234 780 1327 839 extra
1359 775 1479 839 Roma-

296 888 372 930 nam
396 865 520 930 curiam
544 865 631 929 diem
654 864 772 929 clausit
796 871 985 944 extremum,
1009 865 1150 946 pastoris
1173 864 1288 928 solatio
1311 864 1479 942 destituta,

295 978 352 1021 nos
385 955 552 1020 vacatione
584 953 824 1019 huiusmodi...
848 955 1024 1034 intellecta,
1057 955 1099 1018 ad
1132 955 1347 1036 provisionem
1378 953 1479 1036 ipsius

296 1046 483 1110 ecclesie...
517 1044 556 1108 de
588 1065 654 1125 qua
677 1044 787 1107 nullus
810 1050 920 1125 preter
945 1066 1002 1108 nos
1026 1045 1087 1108 hac
1111 1045 1179 1108 vice
1203 1065 1236 1108 se
1260 1044 1479 1107 intromittere

295 1136 405 1218 potuit
428 1155 533 1216 neque
556 1139 715 1216 potest...
732 1133 948 1214 intendentes,
959 1183 965 1196 .
977 1183 1001 1198 ..
1019 1135 1061 1198 ad
1080 1141 1113 1198 tc
1128 1134 1330 1217 prepositum
1348 1133 1479 1196 ecclesie

296 1225 401 1289 sancti
434 1225 459 1288 J
461 1223 599 1288 ohannis
632 1223 828 1304 evangeliste
861 1223 900 1287 de
924 1229 1031 1288 castro
1064 1221 1411 1306 Quinqueecclesiensi,
1445 1223 1478 1286 in

294 1314 475 1379 sacerdotio
507 1313 731 1391 constitutum,
765 1312 953 1376 litterarum
985 1313 1122 1378 scientia
1154 1313 1372 1395 preditum...
1397 1312 1479 1376 mul-

295 1404 445 1486 tiplicum
468 1403 630 1467 virtutum
654 1403 800 1467 donis...
816 1402 1010 1484 insignitum
1036 1403 1214 1467 direximus
1238 1403 1346 1468 oculos
1370 1410 1479 1466 nostre

295 1494 422 1572 mentia,
447 1492 567 1575 quibus
599 1492 803 1557 omnibus...
827 1493 972 1572 pensatis
1005 1493 1044 1556 de
1077 1499 1350 1574 personatus...
1375 1493 1478 1555 eidem

295 1583 411 1647 maiori
435 1581 618 1646 ecclesie...
642 1581 848 1665 providemus
882 1587 979 1664 teque
1011 1581 1058 1645 illi
1091 1582 1277 1665 preficimus
1300 1583 1334 1646 in
1359 1582 1479 1664 cpisco-

295 1694 373 1754 pum
389 1678 423 1736 et
437 1679 654 1753 pastorem...
671 1670 798 1734 Datum
820 1671 923 1735 Rome
946 1672 1035 1754 apud
1060 1679 1210 1736 sanctum
1233 1671 1370 1736 Petrum
1395 1693 1478 1736 anno

295 1761 530 1825 incarnationis
554 1760 714 1824 dominice
742 1760 910 1824 millesimo
945 1761 1085 1844 quadriu
1111 1762 1267 1827 entesimo
1298 1761 1479 1844 quadrage-

294 1852 375 1915 simo
398 1851 513 1932 quinto
537 1855 627 1914 sexto
651 1849 724 1914 idus
747 1849 831 1934 Maij
855 1871 940 1915 anno
965 1784 1214 1934 quintodecimo.

403 2011 439 2069 (Α
458 2005 586 2060 vatikdni
614 2006 796 2059 leveltarban.
825 2010 946 2076 Regesta
973 2008 1118 2061 Bullarum
1142 2009 1274 2063 Deteriae
1294 2009 1413 2079 Eugenii
1432 2015 1478 2061 lv.

296 2084 392 2133 Annus
408 2085 467 2133 XV.
487 2078 572 2132 Liber
592 2085 642 2143 66.,
662 2076 709 2130 fol.
732 2081 814 2140 2541.)

819 2351 959 2419 XVIII.

750 2515 844 2575 1445.
869 2512 980 2593 junius
1007 2517 1033 2574 1.

295 2671 356 2736 IV.
372 2673 493 2755 Eopc'c
505 2673 669 2752 proponat
687 2673 836 2737 Zvedrcoi
851 2672 940 2736 Vitc'a
953 2673 1061 2737 Jonas
1076 2673 1195 2737 odrodc'
1208 2677 1339 2756 plispo'lc
1356 2679 1479 2739 re‘szc're

634 2761 789 2826 loidllr'tott
812 2762 993 2826 lircccese'sr'
1016 2763 1148 2845 ballojc.

404 2921 574 3004 Eugenius
607 2929 666 2987 etc.
699 2923 829 2988 Dilecto
862 2924 929 2988 filio
961 2924 1109 2988 dohanni
1142 2927 1243 2990 electo
1269 2927 1479 2992 Waradiensi

296 3009 436 3074 salutem
460 3017 573 3076 eto...
607 3011 741 3076 Dudum
771 3013 931 3095 siquidem
955 3015 1038 3078 bone
1061 3016 1215 3080 memorie
1237 3016 1390 3081 Johanne
1413 3019 1479 3100 epi-

296 3120 390 3182 scopo
422 3100 642 3176 Waradiensi,
677 3103 828 3185 regimini
861 3104 1089 3169 Waradiensis
1121 3106 1253 3170 ecclesie
1284 3108 1478 3189 presidente,

297 3210 354 3253 nos
387 3189 554 3272 cupientes
587 3191 691 3255 eidem
724 3193 865 3268 ecclesie.
904 3215 978 3256 cum
1011 3215 1082 3258 eam
1114 3214 1229 3259 vacare
1267 3199 1479 3279 contingeret,

296 3300 354 3360 per
378 3280 552 3360 apostolice
575 3281 660 3345 sedis
683 3282 925 3363 providenciam
949 3283 1063 3348 utilem
1087 3290 1120 3347 et
1143 3284 1293 3349 idoneam
1315 3288 1479 3368 presidere

296 3390 476 3450 personam,
500 3371 715 3451 provisionem
739 3371 841 3453 ipsius
864 3373 995 3437 ecclesie
1012 3374 1211 3438 ordinationi
1227 3382 1260 3438 et
1277 3376 1479 3457 dispositioni

296 3464 407 3523 nostre
440 3459 592 3523 duximus
625 3481 662 3525 ea
686 3460 754 3525 vice
786 3463 971 3543 specialiter
1001 3464 1238 3544 reservandam,
1270 3465 1479 3530 decernentes

297 3569 336 3612 ex
369 3555 449 3612 tunc
481 3549 613 3612 irritum
647 3555 679 3612 et
712 3551 808 3614 inane
840 3552 868 3615 si
900 3573 990 3616 secus
1020 3574 1116 3635 super
1142 3554 1205 3636 hijs
1228 3575 1286 3636 per
1309 3577 1479 3637 quoscum-

298 3659 413 3720 que...
438 3639 641 3720 contingeret
666 3641 865 3723 attemptari.
895 3642 1108 3706 Postmodum
1131 3664 1205 3706 vero
1229 3645 1358 3726 prefata
1382 3647 1479 3710 eccle-

296 3727 344 3791 sia
367 3749 425 3809 per
448 3728 576 3792 obitum
599 3728 701 3809 ipsius
724 3730 888 3794 Johannis
912 3732 1061 3814 episcopi,
1093 3733 1148 3814 qui
1178 3740 1272 3798 extra
1296 3736 1478 3800 Romanam

297 3817 424 3880 curiam
447 3818 592 3897 decessit,
626 3820 766 3900 pastoris
791 3821 906 3884 solatio
930 3821 1100 3900 destituta,
1133 3823 1244 3888 dilecti
1269 3823 1329 3888 filii
1353 3827 1479 3908 capitu·

296 3907 365 3969 lum
389 3908 491 3989 ipsius
515 3907 654 3986 ecclesie,
687 3910 916 3974 reservationis
940 3917 972 3973 et
997 3912 1119 3975 decreti
1151 3913 1337 3978 huiusmodi
1371 3916 1478 3979 forsan

296 3996 413 4076 ignari,
433 4002 473 4077 te,
491 4003 570 4060 tunc
595 3997 681 4060 dicte
706 3999 836 4062 ecclesie
861 4001 1063 4082 prepositum
1087 4003 1177 4066 etin
1201 4005 1382 4069 sacerdotio
1406 4027 1479 4069 cou-

296 4086 461 4166 stitutum,
501 4087 534 4149 in
569 4087 752 4170 episcopum
783 4088 1021 4154 Waradiensen
1061 4093 1265 4157 concorditer
1303 4094 1478 4176 elegerunt,

296 4174 373 4239 licet
397 4175 437 4238 de
461 4176 557 4254 facto,
583 4182 684 4258 tuque
708 4178 858 4242 electioni
882 4179 1076 4260 huiusmodi,
1095 4181 1183 4247 illius
1208 4183 1270 4246 tibi
1292 4191 1479 4265 presentato

296 4263 436 4345 decreto,
460 4266 658 4346 consensisti,
682 4267 780 4331 etiam
806 4268 846 4331 de
869 4269 964 4333 facto.
994 4271 1040 4334 Et
1064 4271 1182 4336 deinde
1206 4273 1422 4336 reservatione
1447 4281 1479 4337 ct

297 4355 427 4418 decreto
459 4355 655 4436 supradictis
694 4357 737 4420 ad
776 4364 868 4422 tuam
907 4359 1059 4424 notitiam
1097 4361 1254 4440 deductis,
1294 4363 1479 4427 huiusmodi

297 4443 463 4509 electionis
487 4444 654 4525 negotium
677 4447 813 4528 proponi
836 4447 943 4512 fecisti
967 4449 1001 4512 in
1025 4451 1214 4514 consistorio
1238 4473 1344 4515 coram
1377 4453 1478 4517 nobis.

297 4533 366 4600 Nos
389 4533 493 4616 igitur
516 4534 704 4598 electionem
728 4536 831 4618 ipsam
849 4545 881 4602 et
901 4559 1103 4621 quecumque
1127 4541 1202 4604 inde
1226 4549 1346 4622 secuta,
1365 4550 1479 4624 utpote
