3436 5500
316 434 337 494 4
813 439 1000 492 ornnvsnrlv

317 629 351 690 in
387 625 596 692 ecclesiarum
634 623 735 704 bonis,
776 631 834 688 aut
872 624 906 687 in
945 623 1203 707 propinquorum
1236 645 1292 687 seu
1324 632 1499 707 parentum

319 715 504 795 commodis,
528 713 788 798 persecucionem
812 716 1001 778 continuam
1023 713 1208 795 paciuntur.
1247 712 1343 777 Unde
1368 734 1441 777 cum
1465 715 1499 778 in

318 806 481 888 premissis
515 812 548 868 et
581 803 644 867 hiis
677 803 837 868 similibus
870 804 912 867 ad
945 824 1041 885 quem
1065 823 1233 866 recurrere
1266 824 1324 885 pro
1357 805 1499 868 remedio

317 894 465 971 salutari,
479 901 552 976 post
576 893 722 956 divinum
747 893 917 973 auxilium,
940 893 1102 957 neminem
1124 892 1277 972 habeant,
1301 894 1425 975 possint
1450 895 1498 957 vel

316 985 466 1062 debeant,
499 983 562 1046 nisi
594 983 791 1066 profundam
828 983 1070 1065 providenciam
1106 988 1213 1046 vestre
1251 983 1499 1047 clementissime

316 1073 511 1153 sanctitatis,
544 1073 758 1136 formidantes
791 1073 880 1136 ultra
912 1073 1044 1136 modum
1076 1073 1164 1154 apud
1195 1071 1259 1135 Dei
1282 1071 1441 1154 judicium
1465 1081 1499 1136 et

316 1171 421 1228 vestro
455 1163 641 1227 sanctitatis
674 1183 808 1226 examen
841 1163 946 1234 dirius
970 1161 1125 1243 redargui
1149 1162 1188 1226 de
1212 1161 1442 1226 taciturnitate
1466 1171 1499 1226 et

317 1261 409 1317 tante
434 1253 631 1317 calamitatis
656 1252 865 1316 ecelesiarum
890 1258 922 1316 et
946 1253 1047 1315 eciam
1072 1251 1264 1328 animarum,
1278 1273 1318 1314 ne
1341 1253 1499 1334 premissa

317 1345 350 1406 in
375 1343 609 1406 detrimentum
633 1341 841 1406 ecclesiarum
865 1348 1052 1406 nostrarum
1069 1346 1102 1404 et
1117 1341 1210 1424 regni
1231 1340 1387 1422 Ungarie,
1412 1343 1499 1423 quod

316 1455 441 1516 semper
465 1434 618 1496 devotum
642 1438 674 1495 et
698 1431 862 1514 peculiare
886 1437 996 1494 sancte
1021 1430 1169 1494 Romane
1197 1431 1328 1495 ecclesie
1362 1433 1499 1502 exstitit,

316 1545 373 1605 per
407 1522 596 1586 abusionem
629 1521 820 1584 introducta
852 1542 909 1604 per
944 1521 1197 1584 diuturnitatem
1232 1519 1273 1584 ab
1307 1519 1379 1584 aliis
1405 1523 1498 1601 regni

316 1611 555 1675 successoribus
589 1611 621 1673 in
656 1611 841 1693 exemplum.
871 1610 960 1674 trahi
993 1610 1139 1674 valeant:
1173 1610 1358 1693 supplicant
1391 1621 1498 1674 vestre

316 1701 454 1783 benigne
478 1701 658 1778 sanctitati,
693 1709 855 1782 quatenus
879 1705 993 1763 sancta
1016 1706 1122 1764 vestre
1147 1700 1347 1764 celsitudinis
1370 1701 1497 1782 sapien-

314 1793 364 1854 cia
387 1801 418 1854 et
443 1790 583 1872 justicia,
618 1810 680 1872 que
712 1790 751 1854 de
775 1795 883 1854 vestra
915 1789 1090 1854 sanctitate
1123 1810 1196 1852 cum
1229 1788 1291 1853 Dei
1319 1790 1416 1853 laude
1439 1812 1498 1872 per

315 1880 425 1944 orbem
460 1880 680 1964 predicantur,
705 1879 745 1943 de
773 1879 977 1960 benignitate
1010 1879 1094 1944 sedis
1127 1879 1300 1962 apostolice
1333 1880 1497 1962 premissis

315 1971 470 2052 dignetur
494 1969 722 2052 compassionis
740 1969 916 2034 visceribus
937 1969 1192 2033 misericorditer
1208 1969 1349 2033 remedio
1366 1990 1498 2034 succur-

315 2082 385 2124 rere
419 2067 619 2142 opportuno;
655 2059 703 2124 ita
732 2065 842 2123 tamen
874 2065 969 2142 pater
1000 2059 1211 2138 sanctissime,
1246 2059 1331 2141 quod
1363 2066 1497 2142 propter

314 2151 507 2213 relacionem
538 2150 769 2232 promissarum
802 2149 894 2231 regia
925 2149 1112 2231 indignaoio
1137 2170 1201 2212 non
1224 2149 1327 2231 possit
1350 2148 1497 2213 invenire
1534 2199 1535 2203 ,

316 2246 431 2304 contra
456 2261 551 2320 quem
575 2239 624 2302 vel
649 2260 728 2320 quos
753 2239 786 2302 in
810 2239 860 2302 his
883 2239 1043 2321 partibus,
1058 2239 1107 2302 vel
1131 2239 1203 2301 aliis
1227 2245 1327 2320 queat
1352 2260 1497 2320 quoquo·

314 2330 407 2393 modo
432 2329 594 2406 debacari,
619 2329 696 2410 quia
720 2329 817 2392 aliter
841 2335 908 2392 tam
933 2329 1052 2410 prelati
1073 2349 1170 2410 quam
1188 2329 1299 2392 nuncii
1324 2329 1496 2392 inevitabi-

314 2426 364 2482 ter
388 2419 629 2482 subiicerentur
653 2418 805 2481 scandalo
823 2426 855 2482 et
872 2419 1062 2498 confusioni,
1081 2425 1139 2481 aut
1158 2418 1302 2499 periculo
1326 2420 1497 2501 personali.

895 2552 912 2586 ss

424 2660 512 2722 Ezeu
550 2659 753 2741 panasz-irat
787 2661 889 2722 vetele
929 2665 1007 2722 utari
1047 2659 1133 2722 XII.
1167 2659 1320 2722 Benedok
1359 2665 1443 2743 papa
1477 2683 1495 2722 a

314 2749 487 2814 kdvetlrezo'
525 2749 640 2812 levelet
680 2751 800 2813 intente
836 2754 930 2812 1338.
964 2750 1166 2831 szeptember
1199 2749 1336 2812 lit-ilcan
1368 2750 1496 2814 Robert

314 2840 440 2920 Kairoly
465 2839 648 2920 kiralyhoz:

421 2955 596 3020 Carissimo
629 2955 662 3018 in
697 2954 829 3020 Christo
861 2954 928 3018 lilio
961 2953 1076 3019 Carolo
1101 2956 1170 3038 regi
1193 2954 1342 3039 Ungarie
1364 2956 1495 3019 illustri.

421 3044 456 3108 Si
481 3047 656 3126 diligenter
680 3045 866 3108 attenderes
889 3044 936 3108 fili
961 3046 1126 3109 carissime
1152 3053 1243 3126 gesta
1265 3045 1439 3128 magnifica
1463 3053 1496 3107 et

312 3135 366 3216 pia
390 3135 571 3199 devocionis
595 3135 746 3216 insignia,
763 3134 882 3217 quibus
906 3136 1129 3218 progenitores
1153 3137 1202 3198 tui
1228 3135 1380 3199 catholici
1404 3157 1496 3216 reges

313 3231 345 3287 et
370 3225 532 3307 principes
557 3246 730 3305 regnorum
754 3225 905 3303 Francia,
929 3223 1040 3290 Sicilie
1064 3232 1096 3289 et
1112 3225 1268 3306 Ungarie,
1293 3225 1332 3288 de
1357 3246 1494 3307 quorum

313 3315 400 3378 claro
435 3316 578 3395 germine
612 3313 805 3395 processisti,
834 3315 880 3378 'ad
912 3313 1019 3377 Deum
1052 3322 1085 3378 et
1118 3315 1268 3380 ecclesias
1297 3315 1495 3378 rectitudine

315 3404 497 3468 devocionis
531 3411 563 3467 et
595 3403 672 3467 fidei
705 3405 904 3482 claruerunt,
936 3404 1064 3468 easdem
1099 3405 1247 3468 ecclesias
1282 3410 1314 3467 et
1342 3425 1495 3485 personas

313 3494 554 3572 ecclesiasticas,
591 3493 676 3557 bona
709 3501 742 3557 et
774 3494 945 3559 libertates
978 3515 1091 3557 carum
1124 3516 1180 3557 sue
1212 3494 1360 3576 potencie
1393 3493 1494 3574 clipeo

314 3585 522 3664 protegendo,
546 3604 664 3664 easque
689 3583 722 3646 in
747 3583 813 3647 suis
837 3582 1072 3647 munificenciis
1097 3605 1173 3666 erga
1199 3584 1271 3647 illas
1296 3583 1496 3646 immensita-

313 3679 379 3735 tem
397 3674 497 3736 solam
513 3695 572 3755 pro
590 3694 735 3736 mensum
751 3680 917 3756 ponentes,
934 3674 1045 3737 multis
1062 3672 1273 3737 libertatibus
1292 3672 1494 3754 ampliando:

312 3764 338 3825 si
365 3763 532 3826 counrroda
565 3763 705 3844 plurima
729 3771 761 3826 ct
786 3763 943 3826 immensa
971 3762 1128 3827 beneficia
1152 3763 1214 3827 tibi
1238 3763 1438 3826 misericordi
1463 3769 1496 3824 et

312 3853 506 3916 miraculoso
540 3873 673 3915 munere
707 3852 769 3916 Dei
801 3853 927 3931 collata,
963 3855 1018 3934 qui
1052 3861 1084 3916 te
1105 3853 1159 3917 >ab
1193 3853 1268 3916 olim
1293 3852 1335 3916 ad
1359 3874 1494 3934 regnum

314 3940 468 4022 ngarie,
503 3943 543 4005 ad
576 3963 747 4024 personam
781 3949 871 4005 tuam
904 3944 976 4024 jure
1008 3943 1206 4023 hereditario
1232 3943 1428 4020 devolutum,
1452 3942 1493 4004 ab

312 4032 405 4095 :trinis
439 4033 560 4095 teneris
594 4032 653 4095 sub
687 4033 825 4096 aliorum
851 4033 956 4095 tutela
981 4054 1044 4095 non
1069 4039 1143 4095 tuta
1167 4040 1200 4095 et
1223 4033 1377 4114 anibigua
1401 4053 1496 4095 cura-

313 4127 421 4184 torum
456 4143 535 4185 cura
567 4121 744 4184 deductum
778 4128 810 4185 et
843 4123 929 4184 inter
964 4144 1079 4185 manus
1119 4129 1298 4202 extraneas,
1337 4127 1495 4202 tanquam

313 4212 471 4292 pupillam
505 4212 588 4274 oculi
622 4212 799 4276 salubriter
832 4211 1015 4290 custodivit,
1050 4211 1141 4275 cuius
1176 4213 1285 4293 gracia
1309 4212 1348 4274 de
1374 4211 1495 4274 virtute

315 4301 347 4363 in
373 4302 529 4363 virtutem
562 4301 732 4382 proficiens
766 4321 802 4364 ac
837 4301 870 4363 in
903 4301 1007 4364 virilis
1040 4309 1073 4364 et
1105 4302 1237 4365 robuste
1271 4302 1367 4364 etatis
1394 4322 1495 4363 annos

312 4391 508 4472 perveniens,
543 4413 678 4472 regnum
713 4399 805 4453 tuum
831 4391 864 4452 iu
890 4391 1032 4454 diversas
1056 4399 1165 4473 partes
1189 4391 1368 4454 multorum
1392 4391 1495 4452 tiran-

312 4481 386 4543 uide
419 4481 607 4555 laceratmn,
641 4481 760 4543 eisdem
794 4481 934 4543 tirannis
967 4481 1033 4544 sola
1067 4482 1189 4543 virtute
1214 4481 1323 4542 divina
1348 4480 1494 4544 sublatis.

311 4571 352 4632 ad
377 4571 541 4647 integrum
567 4579 599 4633 et
623 4571 762 4632 solidum
787 4571 966 4638 dominium
991 4579 1085 4632 tuum
1109 4571 1286 4651 reduxisti;
1313 4579 1344 4633 et
1370 4570 1409 4632 de
1429 4572 1495 4631 tuis
