<?xml version="1.0" encoding="UTF-8"?>
<!DOCTYPE html PUBLIC "-//W3C//DTD XHTML 1.0 Transitional//EN"
    "http://www.w3.org/TR/xhtml1/DTD/xhtml1-transitional.dtd">
<html xmlns="http://www.w3.org/1999/xhtml" xml:lang="en" lang="en">
 <head>
  <title>
</title>
<meta http-equiv="Content-Type" content="text/html;charset=utf-8" />
  <meta name='ocr-system' content='tesseract 3.04.00' />
  <meta name='ocr-capabilities' content='ocr_page ocr_carea ocr_par ocr_line ocrx_word'/>
</head>
<body>
  <div class='ocr_page' id='page_1' title='image "./oklevltramagyar00frakgoog_0113.png"; bbox 0 0 3454 5492; ppageno 0'>
   <div class='ocr_carea' id='block_1_1' title="bbox 320 419 1002 482">
    <p class='ocr_par' dir='ltr' id='par_1_1' title="bbox 320 419 1002 482">
     <span class='ocr_line' id='line_1_1' title="bbox 320 419 1002 482; baseline 0.001 -3"><span class='ocrx_word' id='word_1_1' title='bbox 320 419 360 480; x_wconf 86' lang='grc'>76</span> <span class='ocrx_word' id='word_1_2' title='bbox 807 427 1002 482; x_wconf 71' lang='grc'><strong>0111111110.</strong></span> 
     </span>
    </p>
   </div>
   <div class='ocr_carea' id='block_1_2' title="bbox 316 615 1502 1690">
    <p class='ocr_par' dir='ltr' id='par_1_2' title="bbox 316 615 1502 1690">
     <span class='ocr_line' id='line_1_2' title="bbox 316 615 1501 699; baseline -0.002 -19"><span class='ocrx_word' id='word_1_3' title='bbox 316 615 473 699; x_wconf 87' lang='lat' dir='ltr'>premissa</span> <span class='ocrx_word' id='word_1_4' title='bbox 496 619 677 682; x_wconf 86' lang='lat' dir='ltr'>necessaria</span> <span class='ocrx_word' id='word_1_5' title='bbox 701 617 833 697; x_wconf 84' lang='lat' dir='ltr'>fuerint,</span> <span class='ocrx_word' id='word_1_6' title='bbox 865 617 1043 681; x_wconf 89' lang='lat' dir='ltr'>secundum</span> <span class='ocrx_word' id='word_1_7' title='bbox 1067 615 1175 680; x_wconf 91' lang='lat' dir='ltr'>Deum</span> <span class='ocrx_word' id='word_1_8' title='bbox 1199 617 1314 698; x_wconf 81' lang='lat' dir='ltr'>exequi</span> <span class='ocrx_word' id='word_1_9' title='bbox 1338 615 1445 681; x_wconf 90' lang='lat' dir='ltr'>velitis</span> <span class='ocrx_word' id='word_1_10' title='bbox 1468 620 1501 679; x_wconf 92' lang='lat' dir='ltr'>et</span> 
     </span>
     <span class='ocr_line' id='line_1_3' title="bbox 317 705 1500 790; baseline -0.002 -20"><span class='ocrx_word' id='word_1_11' title='bbox 317 707 472 771; x_wconf 80' lang='lat' dir='ltr'><strong>debeatis.</strong></span> <span class='ocrx_word' id='word_1_12' title='bbox 506 705 542 771; x_wconf 93' lang='lat' dir='ltr'>Si</span> <span class='ocrx_word' id='word_1_13' title='bbox 575 707 631 790; x_wconf 91' lang='lat' dir='ltr'>qui</span> <span class='ocrx_word' id='word_1_14' title='bbox 664 714 774 772; x_wconf 90' lang='lat' dir='ltr'>autem</span> <span class='ocrx_word' id='word_1_15' title='bbox 807 729 846 770; x_wconf 88' lang='lat' dir='ltr'>ex</span> <span class='ocrx_word' id='word_1_16' title='bbox 879 706 1063 771; x_wconf 91' lang='lat' dir='ltr'>huiusmodi</span> <span class='ocrx_word' id='word_1_17' title='bbox 1096 705 1258 770; x_wconf 86' lang='lat' dir='ltr'>fratribus</span> <span class='ocrx_word' id='word_1_18' title='bbox 1290 706 1415 787; x_wconf 89' lang='lat' dir='ltr'>fierent,</span> <span class='ocrx_word' id='word_1_19' title='bbox 1445 705 1500 789; x_wconf 92' lang='lat' dir='ltr'>qui</span> 
     </span>
     <span class='ocr_line' id='line_1_4' title="bbox 317 795 1501 880; baseline 0.002 -22"><span class='ocrx_word' id='word_1_20' title='bbox 317 798 441 876; x_wconf 88' lang='lat' dir='ltr'>vestris,</span> <span class='ocrx_word' id='word_1_21' title='bbox 474 819 581 879; x_wconf 88' lang='lat' dir='ltr'>ymmo</span> <span class='ocrx_word' id='word_1_22' title='bbox 613 799 721 861; x_wconf 89' lang='lat' dir='ltr'>verius</span> <span class='ocrx_word' id='word_1_23' title='bbox 746 797 865 861; x_wconf 90' lang='lat' dir='ltr'>nostris</span> <span class='ocrx_word' id='word_1_24' title='bbox 890 797 1053 860; x_wconf 89' lang='lat' dir='ltr'>mandatis</span> <span class='ocrx_word' id='word_1_25' title='bbox 1077 795 1111 860; x_wconf 89' lang='lat' dir='ltr'>in</span> <span class='ocrx_word' id='word_1_26' title='bbox 1135 797 1196 861; x_wconf 90' lang='lat' dir='ltr'>hac</span> <span class='ocrx_word' id='word_1_27' title='bbox 1220 803 1314 880; x_wconf 87' lang='lat' dir='ltr'>parte</span> <span class='ocrx_word' id='word_1_28' title='bbox 1338 797 1501 879; x_wconf 90' lang='lat' dir='ltr'>obtempe-</span> 
     </span>
     <span class='ocr_line' id='line_1_5' title="bbox 317 885 1501 970; baseline 0 -21"><span class='ocrx_word' id='word_1_29' title='bbox 317 907 391 950; x_wconf 91' lang='lat' dir='ltr'>rare</span> <span class='ocrx_word' id='word_1_30' title='bbox 429 893 629 967; x_wconf 79' lang='lat' dir='ltr'>recusarent,</span> <span class='ocrx_word' id='word_1_31' title='bbox 668 887 750 952; x_wconf 88' lang='lat' dir='ltr'>tales</span> <span class='ocrx_word' id='word_1_32' title='bbox 789 887 930 952; x_wconf 89' lang='lat' dir='ltr'>ecelesiis</span> <span class='ocrx_word' id='word_1_33' title='bbox 962 891 995 950; x_wconf 92' lang='lat' dir='ltr'>et</span> <span class='ocrx_word' id='word_1_34' title='bbox 1029 885 1192 950; x_wconf 88' lang='lat' dir='ltr'>beneficiis</span> <span class='ocrx_word' id='word_1_35' title='bbox 1225 908 1335 951; x_wconf 88' lang='lat' dir='ltr'>eorum</span> <span class='ocrx_word' id='word_1_36' title='bbox 1373 888 1501 970; x_wconf 88' lang='lat' dir='ltr'>privare</span> 
     </span>
     <span class='ocr_line' id='line_1_6' title="bbox 317 976 1501 1059; baseline 0 -19"><span class='ocrx_word' id='word_1_37' title='bbox 317 977 471 1057; x_wconf 90' lang='lat' dir='ltr'>debeatis,</span> <span class='ocrx_word' id='word_1_38' title='bbox 511 978 710 1042; x_wconf 89' lang='lat' dir='ltr'>auctoritate</span> <span class='ocrx_word' id='word_1_39' title='bbox 745 982 858 1041; x_wconf 88' lang='lat' dir='ltr'>nostra</span> <span class='ocrx_word' id='word_1_40' title='bbox 891 977 982 1059; x_wconf 92' lang='lat' dir='ltr'>regia</span> <span class='ocrx_word' id='word_1_41' title='bbox 1013 976 1219 1058; x_wconf 80' lang='lat' dir='ltr'>presentibus</span> <span class='ocrx_word' id='word_1_42' title='bbox 1252 978 1342 1042; x_wconf 91' lang='lat' dir='ltr'>vobis</span> <span class='ocrx_word' id='word_1_43' title='bbox 1374 976 1408 1040; x_wconf 96' lang='lat' dir='ltr'>in</span> <span class='ocrx_word' id='word_1_44' title='bbox 1440 976 1501 1040; x_wconf 90' lang='lat' dir='ltr'>hae</span> 
     </span>
     <span class='ocr_line' id='line_1_7' title="bbox 316 1066 1501 1149; baseline -0.001 -20"><span class='ocrx_word' id='word_1_45' title='bbox 316 1071 411 1149; x_wconf 87' lang='lat' dir='ltr'>parte</span> <span class='ocrx_word' id='word_1_46' title='bbox 444 1068 618 1148; x_wconf 90' lang='lat' dir='ltr'>attributa,</span> <span class='ocrx_word' id='word_1_47' title='bbox 651 1072 824 1148; x_wconf 89' lang='lat' dir='ltr'>vestraque</span> <span class='ocrx_word' id='word_1_48' title='bbox 856 1066 1030 1147; x_wconf 85' lang='lat' dir='ltr'>ordinaria,</span> <span class='ocrx_word' id='word_1_49' title='bbox 1062 1066 1199 1148; x_wconf 92' lang='lat' dir='ltr'>iureque</span> <span class='ocrx_word' id='word_1_50' title='bbox 1224 1073 1256 1131; x_wconf 92' lang='lat' dir='ltr'>et</span> <span class='ocrx_word' id='word_1_51' title='bbox 1282 1067 1414 1131; x_wconf 89' lang='lat' dir='ltr'>iusticia</span> <span class='ocrx_word' id='word_1_52' title='bbox 1437 1086 1501 1130; x_wconf 91' lang='lat' dir='ltr'>me·</span> 
     </span>
     <span class='ocr_line' id='line_1_8' title="bbox 318 1155 1502 1238; baseline 0 -19"><span class='ocrx_word' id='word_1_53' title='bbox 318 1156 447 1238; x_wconf 88' lang='lat' dir='ltr'>diante;</span> <span class='ocrx_word' id='word_1_54' title='bbox 472 1178 564 1222; x_wconf 88' lang='lat' dir='ltr'>secus</span> <span class='ocrx_word' id='word_1_55' title='bbox 589 1179 651 1222; x_wconf 93' lang='lat' dir='ltr'>non</span> <span class='ocrx_word' id='word_1_56' title='bbox 676 1156 807 1237; x_wconf 81' lang='lat' dir='ltr'>tacturi,</span> <span class='ocrx_word' id='word_1_57' title='bbox 820 1157 1026 1238; x_wconf 76' lang='lat' dir='ltr'>presentibus</span> <span class='ocrx_word' id='word_1_58' title='bbox 1050 1156 1201 1238; x_wconf 82' lang='lat' dir='ltr'>perlectis</span> <span class='ocrx_word' id='word_1_59' title='bbox 1221 1157 1387 1221; x_wconf 82' lang='lat' dir='ltr'>exhibenti</span> <span class='ocrx_word' id='word_1_60' title='bbox 1407 1155 1502 1220; x_wconf 89' lang='lat' dir='ltr'>resti-</span> 
     </span>
     <span class='ocr_line' id='line_1_9' title="bbox 317 1245 1501 1330; baseline 0.001 -21"><span class='ocrx_word' id='word_1_61' title='bbox 317 1246 407 1310; x_wconf 86' lang='lat' dir='ltr'>tutis.</span> <span class='ocrx_word' id='word_1_62' title='bbox 432 1245 558 1311; x_wconf 87' lang='lat' dir='ltr'>Datum</span> <span class='ocrx_word' id='word_1_63' title='bbox 583 1248 686 1327; x_wconf 89' lang='lat' dir='ltr'>Bude,</span> <span class='ocrx_word' id='word_1_64' title='bbox 702 1247 785 1312; x_wconf 82' lang='lat' dir='ltr'>feria</span> <span class='ocrx_word' id='word_1_65' title='bbox 805 1253 896 1312; x_wconf 86' lang='lat' dir='ltr'>sexta</span> <span class='ocrx_word' id='word_1_66' title='bbox 920 1247 1067 1330; x_wconf 85' lang='lat' dir='ltr'>proxima</span> <span class='ocrx_word' id='word_1_67' title='bbox 1085 1251 1161 1310; x_wconf 89' lang='lat' dir='ltr'>ante</span> <span class='ocrx_word' id='word_1_68' title='bbox 1177 1246 1298 1312; x_wconf 86' lang='lat' dir='ltr'>festum</span> <span class='ocrx_word' id='word_1_69' title='bbox 1318 1247 1501 1311; x_wconf 88' lang='lat' dir='ltr'>nativitatis</span> 
     </span>
     <span class='ocr_line' id='line_1_10' title="bbox 316 1335 1501 1420; baseline 0.002 -20"><span class='ocrx_word' id='word_1_70' title='bbox 316 1337 405 1401; x_wconf 90' lang='lat' dir='ltr'>beati</span> <span class='ocrx_word' id='word_1_71' title='bbox 434 1335 597 1402; x_wconf 63' lang='lat' dir='ltr'>«lobannis</span> <span class='ocrx_word' id='word_1_72' title='bbox 631 1338 791 1420; x_wconf 86' lang='lat' dir='ltr'>Baptiste,</span> <span class='ocrx_word' id='word_1_73' title='bbox 832 1358 918 1401; x_wconf 87' lang='lat' dir='ltr'>anno</span> <span class='ocrx_word' id='word_1_74' title='bbox 954 1336 1076 1400; x_wconf 91' lang='lat' dir='ltr'>domini</span> <span class='ocrx_word' id='word_1_75' title='bbox 1109 1336 1276 1402; x_wconf 91' lang='lat' dir='ltr'>millesimo</span> <span class='ocrx_word' id='word_1_76' title='bbox 1309 1337 1501 1419; x_wconf 90' lang='lat' dir='ltr'>quingente·</span> 
     </span>
     <span class='ocr_line' id='line_1_11' title="bbox 317 1426 1309 1509; baseline 0 -19"><span class='ocrx_word' id='word_1_77' title='bbox 317 1426 397 1492; x_wconf 90' lang='lat' dir='ltr'>simo</span> <span class='ocrx_word' id='word_1_78' title='bbox 422 1428 546 1509; x_wconf 88' lang='lat' dir='ltr'>quinte.</span> <span class='ocrx_word' id='word_1_79' title='bbox 1307 1459 1309 1464; x_wconf 36' lang='lat' dir='ltr'>v</span> 
     </span>
     <span class='ocr_line' id='line_1_12' title="bbox 1085 1515 1425 1600; baseline 0 -19"><span class='ocrx_word' id='word_1_80' title='bbox 1085 1515 1275 1582; x_wconf 80' lang='lat' dir='ltr'>Commissio</span> <span class='ocrx_word' id='word_1_81' title='bbox 1293 1516 1425 1600; x_wconf 88' lang='lat' dir='ltr'>propria</span> 
     </span>
     <span class='ocr_line' id='line_1_13' title="bbox 1137 1607 1376 1690; baseline 0.008 -20"><span class='ocrx_word' id='word_1_82' title='bbox 1137 1607 1259 1671; x_wconf 92' lang='lat' dir='ltr'>domini</span> <span class='ocrx_word' id='word_1_83' title='bbox 1283 1607 1376 1690; x_wconf 88' lang='lat' dir='ltr'>regis.</span> 
     </span>
    </p>
   </div>
   <div class='ocr_carea' id='block_1_3' title="bbox 424 1763 1295 1837">
    <p class='ocr_par' dir='ltr' id='par_1_3' title="bbox 424 1763 1295 1837">
     <span class='ocr_line' id='line_1_14' title="bbox 424 1763 1295 1837; baseline 0.001 -17"><span class='ocrx_word' id='word_1_84' title='bbox 424 1769 459 1830; x_wconf 78' lang='lat' dir='ltr'>(A</span> <span class='ocrx_word' id='word_1_85' title='bbox 478 1763 688 1818; x_wconf 72' lang='lat' dir='ltr'>ssent-martem</span> <span class='ocrx_word' id='word_1_86' title='bbox 708 1764 866 1837; x_wconf 75' lang='lat' dir='ltr'>foapatsagi</span> <span class='ocrx_word' id='word_1_87' title='bbox 885 1764 1068 1821; x_wconf 75' lang='lat' dir='ltr'>leveltarban.</span> <span class='ocrx_word' id='word_1_88' title='bbox 1089 1773 1130 1819; x_wconf 86' lang='lat'>33.</span> <span class='ocrx_word' id='word_1_89' title='bbox 1147 1781 1239 1836; x_wconf 82' lang='lat' dir='ltr'>capsa,</span> <span class='ocrx_word' id='word_1_90' title='bbox 1258 1769 1295 1828; x_wconf 77' lang='lat' dir='ltr'>S.)</span> 
     </span>
    </p>
   </div>
   <div class='ocr_carea' id='block_1_4' title="bbox 863 2029 961 2256">
    <p class='ocr_par' dir='ltr' id='par_1_4' title="bbox 863 2029 961 2256">
     <span class='ocr_line' id='line_1_15' title="bbox 863 2029 958 2096; baseline 0 -1"><span class='ocrx_word' id='word_1_91' title='bbox 863 2029 958 2096; x_wconf 90' lang='lat' dir='ltr'>LIX.</span> 
     </span>
     <span class='ocr_line' id='line_1_16' title="bbox 866 2193 961 2256; baseline -0.011 0"><span class='ocrx_word' id='word_1_92' title='bbox 866 2193 961 2256; x_wconf 81' lang='lat'>1505.</span> 
     </span>
    </p>
   </div>
   <div class='ocr_carea' id='block_1_5' title="bbox 316 2350 1504 2616">
    <p class='ocr_par' dir='ltr' id='par_1_5' title="bbox 316 2350 1504 2616">
     <span class='ocr_line' id='line_1_17' title="bbox 316 2350 1504 2436; baseline -0.001 -19"><span class='ocrx_word' id='word_1_93' title='bbox 316 2350 367 2417; x_wconf 89' lang='lat' dir='ltr'>II.</span> <span class='ocrx_word' id='word_1_94' title='bbox 397 2351 528 2419; x_wconf 72' lang='lat' dir='ltr'>Uldsrlo</span> <span class='ocrx_word' id='word_1_95' title='bbox 559 2350 740 2436; x_wconf 75' lang='lat' dir='ltr'>tirdlpuut</span> <span class='ocrx_word' id='word_1_96' title='bbox 773 2351 822 2418; x_wconf 90' lang='lat' dir='ltr'>II.</span> <span class='ocrx_word' id='word_1_97' title='bbox 846 2351 965 2417; x_wconf 78' lang='lat' dir='ltr'>Julius</span> <span class='ocrx_word' id='word_1_98' title='bbox 993 2350 1146 2433; x_wconf 74' lang='lat' dir='ltr'>pdpdboe</span> <span class='ocrx_word' id='word_1_99' title='bbox 1178 2350 1312 2418; x_wconf 69' lang='lat' dir='ltr'>tute&#39;eett</span> <span class='ocrx_word' id='word_1_100' title='bbox 1343 2351 1504 2418; x_wconf 82' lang='lat' dir='ltr'>bematuto&#39;</span> 
     </span>
     <span class='ocr_line' id='line_1_18' title="bbox 317 2441 1502 2527; baseline 0 -21"><span class='ocrx_word' id='word_1_101' title='bbox 317 2441 415 2523; x_wconf 83' lang='lat' dir='ltr'>truta,</span> <span class='ocrx_word' id='word_1_102' title='bbox 440 2441 584 2526; x_wconf 76' lang='lat' dir='ltr'>melpbeu</span> <span class='ocrx_word' id='word_1_103' title='bbox 608 2463 629 2507; x_wconf 88' lang='lat' dir='ltr'>u</span> <span class='ocrx_word' id='word_1_104' title='bbox 652 2442 784 2526; x_wconf 77' lang='lat' dir='ltr'>upitrui</span> <span class='ocrx_word' id='word_1_105' title='bbox 804 2442 1023 2526; x_wconf 74' lang='lat' dir='ltr'>pitspr&#39;r&#39;lcse&#39;pre</span> <span class='ocrx_word' id='word_1_106' title='bbox 1047 2441 1238 2524; x_wconf 74' lang='lat' dir='ltr'>atbelpeactt</span> <span class='ocrx_word' id='word_1_107' title='bbox 1254 2441 1502 2527; x_wconf 72' lang='lat' dir='ltr'>Podmcutcrlrp</span> 
     </span>
     <span class='ocr_line' id='line_1_19' title="bbox 434 2532 1395 2616; baseline 0 -18"><span class='ocrx_word' id='word_1_108' title='bbox 434 2533 553 2598; x_wconf 73' lang='lat' dir='ltr'>leven</span> <span class='ocrx_word' id='word_1_109' title='bbox 576 2533 711 2598; x_wconf 74' lang='lat' dir='ltr'>saeremi</span> <span class='ocrx_word' id='word_1_110' title='bbox 731 2533 862 2616; x_wconf 74' lang='lat' dir='ltr'>petspo&#39;le</span> <span class='ocrx_word' id='word_1_111' title='bbox 886 2535 1010 2598; x_wconf 71' lang='lat' dir='ltr'>rc&#39;saere</span> <span class='ocrx_word' id='word_1_112' title='bbox 1033 2554 1054 2597; x_wconf 85' lang='lat' dir='ltr'>u</span> <span class='ocrx_word' id='word_1_113' title='bbox 1077 2535 1292 2616; x_wconf 74' lang='lat' dir='ltr'>moperdsr&#39;test</span> <span class='ocrx_word' id='word_1_114' title='bbox 1316 2532 1395 2598; x_wconf 74' lang='lat' dir='ltr'>leri.</span> 
     </span>
    </p>
   </div>
   <div class='ocr_carea' id='block_1_6' title="bbox 424 2691 1502 2777">
    <p class='ocr_par' dir='ltr' id='par_1_6' title="bbox 424 2691 1502 2777">
     <span class='ocr_line' id='line_1_20' title="bbox 424 2691 1502 2777; baseline 0.001 -19"><span class='ocrx_word' id='word_1_115' title='bbox 424 2692 619 2758; x_wconf 89' lang='lat' dir='ltr'>Beatissime</span> <span class='ocrx_word' id='word_1_116' title='bbox 650 2699 746 2777; x_wconf 91' lang='lat' dir='ltr'>pater</span> <span class='ocrx_word' id='word_1_117' title='bbox 778 2701 811 2757; x_wconf 91' lang='lat' dir='ltr'>et</span> <span class='ocrx_word' id='word_1_118' title='bbox 844 2693 973 2757; x_wconf 88' lang='lat' dir='ltr'>domine</span> <span class='ocrx_word' id='word_1_119' title='bbox 1006 2691 1262 2773; x_wconf 87' lang='lat' dir='ltr'>clementissime,</span> <span class='ocrx_word' id='word_1_120' title='bbox 1289 2697 1363 2777; x_wconf 92' lang='lat' dir='ltr'>post</span> <span class='ocrx_word' id='word_1_121' title='bbox 1386 2694 1502 2759; x_wconf 90' lang='lat' dir='ltr'>devota</span> 
     </span>
    </p>
   </div>
   <div class='ocr_carea' id='block_1_7' title="bbox 265 2783 1502 4665">
    <p class='ocr_par' dir='ltr' id='par_1_7' title="bbox 265 2783 1502 4665">
     <span class='ocr_line' id='line_1_21' title="bbox 316 2783 1502 2867; baseline 0 -19"><span class='ocrx_word' id='word_1_122' title='bbox 316 2783 436 2867; x_wconf 90' lang='lat' dir='ltr'>pedum</span> <span class='ocrx_word' id='word_1_123' title='bbox 461 2783 648 2848; x_wconf 82' lang='lat' dir='ltr'>sanctitatis</span> <span class='ocrx_word' id='word_1_124' title='bbox 663 2790 769 2848; x_wconf 90' lang='lat' dir='ltr'>vestre</span> <span class='ocrx_word' id='word_1_125' title='bbox 792 2784 903 2848; x_wconf 88' lang='lat' dir='ltr'>oscula</span> <span class='ocrx_word' id='word_1_126' title='bbox 925 2784 1095 2849; x_wconf 88' lang='lat' dir='ltr'>beatorum</span> <span class='ocrx_word' id='word_1_127' title='bbox 1113 2789 1145 2846; x_wconf 87' lang='lat' dir='ltr'>et</span> <span class='ocrx_word' id='word_1_128' title='bbox 1161 2784 1223 2846; x_wconf 91' lang='lat' dir='ltr'>mei</span> <span class='ocrx_word' id='word_1_129' title='bbox 1240 2783 1395 2848; x_wconf 91' lang='lat' dir='ltr'>humilem</span> <span class='ocrx_word' id='word_1_130' title='bbox 1419 2804 1502 2848; x_wconf 92' lang='lat' dir='ltr'>com·</span> 
     </span>
     <span class='ocr_line' id='line_1_22' title="bbox 316 2871 1501 2957; baseline 0 -19"><span class='ocrx_word' id='word_1_131' title='bbox 316 2873 566 2938; x_wconf 89' lang='lat' dir='ltr'>mendaeicnem.</span> <span class='ocrx_word' id='word_1_132' title='bbox 593 2871 826 2957; x_wconf 81' lang='lat' dir='ltr'>Superioribus</span> <span class='ocrx_word' id='word_1_133' title='bbox 850 2874 965 2938; x_wconf 91' lang='lat' dir='ltr'>diebus</span> <span class='ocrx_word' id='word_1_134' title='bbox 981 2895 1081 2956; x_wconf 92' lang='lat' dir='ltr'>quum</span> <span class='ocrx_word' id='word_1_135' title='bbox 1098 2873 1265 2938; x_wconf 88' lang='lat' dir='ltr'>ecclesiam</span> <span class='ocrx_word' id='word_1_136' title='bbox 1284 2873 1501 2939; x_wconf 88' lang='lat' dir='ltr'>Nittriensem</span> 
     </span>
     <span class='ocr_line' id='line_1_23' title="bbox 317 2963 1502 3046; baseline 0.001 -19"><span class='ocrx_word' id='word_1_137' title='bbox 317 2985 356 3028; x_wconf 91' lang='lat' dir='ltr'>ex</span> <span class='ocrx_word' id='word_1_138' title='bbox 390 2964 608 3029; x_wconf 89' lang='lat' dir='ltr'>translacione</span> <span class='ocrx_word' id='word_1_139' title='bbox 640 2965 709 3028; x_wconf 91' lang='lat' dir='ltr'>eius</span> <span class='ocrx_word' id='word_1_140' title='bbox 742 2965 809 3028; x_wconf 91' lang='lat' dir='ltr'>veri</span> <span class='ocrx_word' id='word_1_141' title='bbox 834 2970 867 3028; x_wconf 92' lang='lat' dir='ltr'>et</span> <span class='ocrx_word' id='word_1_142' title='bbox 890 2964 1029 3046; x_wconf 84' lang='lat' dir='ltr'>legitimi</span> <span class='ocrx_word' id='word_1_143' title='bbox 1061 2965 1208 3046; x_wconf 88' lang='lat' dir='ltr'>pastoris,</span> <span class='ocrx_word' id='word_1_144' title='bbox 1241 2963 1346 3029; x_wconf 89' lang='lat' dir='ltr'>fidelis</span> <span class='ocrx_word' id='word_1_145' title='bbox 1379 2965 1502 3028; x_wconf 90' lang='lat' dir='ltr'>seilicet</span> 
     </span>
     <span class='ocr_line' id='line_1_24' title="bbox 317 3052 1502 3137; baseline 0.002 -20"><span class='ocrx_word' id='word_1_146' title='bbox 317 3055 389 3136; x_wconf 90' lang='lat' dir='ltr'>mei,</span> <span class='ocrx_word' id='word_1_147' title='bbox 411 3054 581 3118; x_wconf 90' lang='lat' dir='ltr'>reverendi</span> <span class='ocrx_word' id='word_1_148' title='bbox 614 3054 736 3119; x_wconf 91' lang='lat' dir='ltr'>domini</span> <span class='ocrx_word' id='word_1_149' title='bbox 769 3052 971 3137; x_wconf 89' lang='lat' dir='ltr'>Sigismuudi</span> <span class='ocrx_word' id='word_1_150' title='bbox 1002 3054 1109 3118; x_wconf 78' lang='lat' dir='ltr'>Turno</span> <span class='ocrx_word' id='word_1_151' title='bbox 1133 3055 1173 3118; x_wconf 92' lang='lat' dir='ltr'>de</span> <span class='ocrx_word' id='word_1_152' title='bbox 1196 3055 1267 3136; x_wconf 91' lang='lat' dir='ltr'>ipsa</span> <span class='ocrx_word' id='word_1_153' title='bbox 1290 3055 1402 3118; x_wconf 89' lang='lat' dir='ltr'>eadem</span> <span class='ocrx_word' id='word_1_154' title='bbox 1425 3055 1502 3120; x_wconf 90' lang='lat' dir='ltr'>Nit-</span> 
     </span>
     <span class='ocr_line' id='line_1_25' title="bbox 317 3144 1501 3227; baseline 0.001 -19"><span class='ocrx_word' id='word_1_155' title='bbox 317 3145 431 3210; x_wconf 90' lang='lat' dir='ltr'>triensi</span> <span class='ocrx_word' id='word_1_156' title='bbox 464 3165 522 3227; x_wconf 91' lang='lat' dir='ltr'>per</span> <span class='ocrx_word' id='word_1_157' title='bbox 554 3167 612 3209; x_wconf 90' lang='lat' dir='ltr'>nos</span> <span class='ocrx_word' id='word_1_158' title='bbox 636 3145 677 3209; x_wconf 89' lang='lat' dir='ltr'>ad</span> <span class='ocrx_word' id='word_1_159' title='bbox 701 3145 869 3210; x_wconf 87' lang='lat' dir='ltr'>ecclesiam</span> <span class='ocrx_word' id='word_1_160' title='bbox 903 3144 1232 3224; x_wconf 80' lang='lat' dir='ltr'>Transsilvanensem,</span> <span class='ocrx_word' id='word_1_161' title='bbox 1265 3150 1344 3209; x_wconf 92' lang='lat' dir='ltr'>tunc</span> <span class='ocrx_word' id='word_1_162' title='bbox 1376 3151 1501 3210; x_wconf 90' lang='lat' dir='ltr'>rectore</span> 
     </span>
     <span class='ocr_line' id='line_1_26' title="bbox 317 3235 1502 3317; baseline 0 -19"><span class='ocrx_word' id='word_1_163' title='bbox 317 3241 350 3298; x_wconf 90' lang='lat' dir='ltr'>et</span> <span class='ocrx_word' id='word_1_164' title='bbox 383 3241 513 3317; x_wconf 88' lang='lat' dir='ltr'>pastore</span> <span class='ocrx_word' id='word_1_165' title='bbox 545 3240 719 3315; x_wconf 84' lang='lat' dir='ltr'>carentem,</span> <span class='ocrx_word' id='word_1_166' title='bbox 751 3235 849 3314; x_wconf 82' lang='lat' dir='ltr'>facta,</span> <span class='ocrx_word' id='word_1_167' title='bbox 883 3255 999 3299; x_wconf 88' lang='lat' dir='ltr'>vacare</span> <span class='ocrx_word' id='word_1_168' title='bbox 1032 3235 1229 3317; x_wconf 84' lang='lat' dir='ltr'>contigisset,</span> <span class='ocrx_word' id='word_1_169' title='bbox 1269 3256 1332 3315; x_wconf 90' lang='lat' dir='ltr'>quo</span> <span class='ocrx_word' id='word_1_170' title='bbox 1366 3236 1502 3301; x_wconf 90' lang='lat' dir='ltr'>orbitati</span> 
     </span>
     <span class='ocr_line' id='line_1_27' title="bbox 317 3323 1501 3409; baseline 0.002 -22"><span class='ocrx_word' id='word_1_171' title='bbox 317 3324 418 3406; x_wconf 86' lang='lat' dir='ltr'>ipsius</span> <span class='ocrx_word' id='word_1_172' title='bbox 441 3346 570 3406; x_wconf 90' lang='lat' dir='ltr'>quoque</span> <span class='ocrx_word' id='word_1_173' title='bbox 594 3324 725 3389; x_wconf 84' lang='lat' dir='ltr'>ecclesie</span> <span class='ocrx_word' id='word_1_174' title='bbox 749 3323 951 3404; x_wconf 89' lang='lat' dir='ltr'>Nittriensis,</span> <span class='ocrx_word' id='word_1_175' title='bbox 985 3331 1136 3388; x_wconf 87' lang='lat' dir='ltr'>consveta</span> <span class='ocrx_word' id='word_1_176' title='bbox 1159 3346 1231 3388; x_wconf 86' lang='lat' dir='ltr'>mea</span> <span class='ocrx_word' id='word_1_177' title='bbox 1255 3324 1406 3407; x_wconf 87' lang='lat' dir='ltr'>diligenti</span> <span class='ocrx_word' id='word_1_178' title='bbox 1429 3348 1501 3409; x_wconf 92' lang='lat' dir='ltr'>pro-</span> 
     </span>
     <span class='ocr_line' id='line_1_28' title="bbox 317 3414 1502 3494; baseline 0.003 -18"><span class='ocrx_word' id='word_1_179' title='bbox 317 3415 446 3494; x_wconf 86' lang='lat' dir='ltr'>visione,</span> <span class='ocrx_word' id='word_1_180' title='bbox 471 3414 559 3478; x_wconf 90' lang='lat' dir='ltr'>ocius</span> <span class='ocrx_word' id='word_1_181' title='bbox 583 3415 814 3494; x_wconf 90' lang='lat' dir='ltr'>consuleretur,</span> <span class='ocrx_word' id='word_1_182' title='bbox 839 3420 980 3478; x_wconf 88' lang='lat' dir='ltr'>mentem</span> <span class='ocrx_word' id='word_1_183' title='bbox 1003 3421 1036 3478; x_wconf 93' lang='lat' dir='ltr'>et</span> <span class='ocrx_word' id='word_1_184' title='bbox 1057 3415 1202 3477; x_wconf 92' lang='lat' dir='ltr'>animum</span> <span class='ocrx_word' id='word_1_185' title='bbox 1225 3435 1332 3477; x_wconf 90' lang='lat' dir='ltr'>meum</span> <span class='ocrx_word' id='word_1_186' title='bbox 1356 3415 1390 3477; x_wconf 94' lang='lat' dir='ltr'>in</span> <span class='ocrx_word' id='word_1_187' title='bbox 1414 3437 1502 3480; x_wconf 90' lang='lat' dir='ltr'>reve-</span> 
     </span>
     <span class='ocr_line' id='line_1_29' title="bbox 317 3501 1502 3588; baseline 0.002 -20"><span class='ocrx_word' id='word_1_188' title='bbox 317 3505 456 3569; x_wconf 89' lang='lat' dir='ltr'>rendum</span> <span class='ocrx_word' id='word_1_189' title='bbox 479 3505 513 3568; x_wconf 92' lang='lat' dir='ltr'>in</span> <span class='ocrx_word' id='word_1_190' title='bbox 537 3503 669 3569; x_wconf 79' lang='lat' dir='ltr'>Christo</span> <span class='ocrx_word' id='word_1_191' title='bbox 692 3510 819 3587; x_wconf 89' lang='lat' dir='ltr'>patrem</span> <span class='ocrx_word' id='word_1_192' title='bbox 845 3505 1012 3568; x_wconf 88' lang='lat' dir='ltr'>dominum</span> <span class='ocrx_word' id='word_1_193' title='bbox 1029 3501 1240 3587; x_wconf 83' lang='lat' dir='ltr'>Stephanum,</span> <span class='ocrx_word' id='word_1_194' title='bbox 1265 3510 1363 3568; x_wconf 90' lang='lat' dir='ltr'>antea</span> <span class='ocrx_word' id='word_1_195' title='bbox 1382 3506 1502 3588; x_wconf 89' lang='lat' dir='ltr'>episco-</span> 
     </span>
     <span class='ocr_line' id='line_1_30' title="bbox 316 3593 1502 3678; baseline 0.001 -20"><span class='ocrx_word' id='word_1_196' title='bbox 316 3617 395 3678; x_wconf 92' lang='lat' dir='ltr'>pum</span> <span class='ocrx_word' id='word_1_197' title='bbox 433 3593 664 3674; x_wconf 89' lang='lat' dir='ltr'>Sirimiensem,</span> <span class='ocrx_word' id='word_1_198' title='bbox 703 3595 809 3658; x_wconf 91' lang='lat' dir='ltr'>virum</span> <span class='ocrx_word' id='word_1_199' title='bbox 848 3595 993 3676; x_wconf 83' lang='lat' dir='ltr'>profecto</span> <span class='ocrx_word' id='word_1_200' title='bbox 1032 3595 1192 3672; x_wconf 86' lang='lat' dir='ltr'>idoneum,</span> <span class='ocrx_word' id='word_1_201' title='bbox 1230 3615 1373 3676; x_wconf 90' lang='lat' dir='ltr'>cureque</span> <span class='ocrx_word' id='word_1_202' title='bbox 1405 3596 1502 3660; x_wconf 89' lang='lat' dir='ltr'>huius</span> 
     </span>
     <span class='ocr_line' id='line_1_31' title="bbox 316 3684 1502 3768; baseline 0.001 -19"><span class='ocrx_word' id='word_1_203' title='bbox 316 3685 513 3768; x_wconf 90' lang='lat' dir='ltr'>pastoralem</span> <span class='ocrx_word' id='word_1_204' title='bbox 547 3684 674 3764; x_wconf 90' lang='lat' dir='ltr'>abilem,</span> <span class='ocrx_word' id='word_1_205' title='bbox 708 3706 771 3748; x_wconf 90' lang='lat' dir='ltr'>non</span> <span class='ocrx_word' id='word_1_206' title='bbox 805 3685 911 3748; x_wconf 94' lang='lat' dir='ltr'>minus</span> <span class='ocrx_word' id='word_1_207' title='bbox 944 3686 1046 3750; x_wconf 87' lang='lat' dir='ltr'>ceiam</span> <span class='ocrx_word' id='word_1_208' title='bbox 1079 3685 1147 3748; x_wconf 89' lang='lat' dir='ltr'>vita</span> <span class='ocrx_word' id='word_1_209' title='bbox 1179 3684 1330 3748; x_wconf 89' lang='lat' dir='ltr'>antistite</span> <span class='ocrx_word' id='word_1_210' title='bbox 1362 3707 1437 3750; x_wconf 93' lang='lat' dir='ltr'>vero</span> <span class='ocrx_word' id='word_1_211' title='bbox 1469 3693 1502 3750; x_wconf 91' lang='lat' dir='ltr'>et</span> 
     </span>
     <span class='ocr_line' id='line_1_32' title="bbox 316 3773 1502 3858; baseline 0.001 -19"><span class='ocrx_word' id='word_1_212' title='bbox 316 3775 466 3857; x_wconf 90' lang='lat' dir='ltr'>religioso</span> <span class='ocrx_word' id='word_1_213' title='bbox 498 3773 607 3856; x_wconf 91' lang='lat' dir='ltr'>digna,</span> <span class='ocrx_word' id='word_1_214' title='bbox 640 3774 777 3856; x_wconf 90' lang='lat' dir='ltr'>aliisque</span> <span class='ocrx_word' id='word_1_215' title='bbox 800 3774 961 3838; x_wconf 92' lang='lat' dir='ltr'>virtutum</span> <span class='ocrx_word' id='word_1_216' title='bbox 995 3773 1184 3838; x_wconf 91' lang='lat' dir='ltr'>muneribus</span> <span class='ocrx_word' id='word_1_217' title='bbox 1217 3775 1296 3838; x_wconf 91' lang='lat' dir='ltr'>satis</span> <span class='ocrx_word' id='word_1_218' title='bbox 1327 3776 1502 3858; x_wconf 90' lang='lat' dir='ltr'>pollentem</span> 
     </span>
     <span class='ocr_line' id='line_1_33' title="bbox 317 3863 1501 3947; baseline 0.002 -19"><span class='ocrx_word' id='word_1_219' title='bbox 317 3870 417 3947; x_wconf 90' lang='lat' dir='ltr'>atque</span> <span class='ocrx_word' id='word_1_220' title='bbox 440 3870 622 3946; x_wconf 91' lang='lat' dir='ltr'>spectatum</span> <span class='ocrx_word' id='word_1_221' title='bbox 647 3865 777 3928; x_wconf 88' lang='lat' dir='ltr'>conieci.</span> <span class='ocrx_word' id='word_1_222' title='bbox 810 3863 907 3928; x_wconf 91' lang='lat' dir='ltr'>Unde</span> <span class='ocrx_word' id='word_1_223' title='bbox 940 3864 1087 3944; x_wconf 91' lang='lat' dir='ltr'>eundem,</span> <span class='ocrx_word' id='word_1_224' title='bbox 1118 3863 1254 3947; x_wconf 88' lang='lat' dir='ltr'>perinde</span> <span class='ocrx_word' id='word_1_225' title='bbox 1278 3885 1315 3928; x_wconf 90' lang='lat' dir='ltr'>ac</span> <span class='ocrx_word' id='word_1_226' title='bbox 1340 3865 1501 3930; x_wconf 91' lang='lat' dir='ltr'>hominem</span> 
     </span>
     <span class='ocr_line' id='line_1_34' title="bbox 317 3954 1502 4038; baseline 0.002 -20"><span class='ocrx_word' id='word_1_227' title='bbox 317 3954 509 4037; x_wconf 89' lang='lat' dir='ltr'>integritate</span> <span class='ocrx_word' id='word_1_228' title='bbox 541 3955 607 4017; x_wconf 90' lang='lat' dir='ltr'>vite</span> <span class='ocrx_word' id='word_1_229' title='bbox 639 3955 825 4038; x_wconf 90' lang='lat' dir='ltr'>probatum,</span> <span class='ocrx_word' id='word_1_230' title='bbox 858 3954 897 4017; x_wconf 91' lang='lat' dir='ltr'>de</span> <span class='ocrx_word' id='word_1_231' title='bbox 931 3975 980 4017; x_wconf 94' lang='lat' dir='ltr'>me</span> <span class='ocrx_word' id='word_1_232' title='bbox 1013 3954 1145 4036; x_wconf 91' lang='lat' dir='ltr'>insuper</span> <span class='ocrx_word' id='word_1_233' title='bbox 1170 3961 1203 4018; x_wconf 92' lang='lat' dir='ltr'>et</span> <span class='ocrx_word' id='word_1_234' title='bbox 1226 3955 1285 4018; x_wconf 92' lang='lat' dir='ltr'>hoc</span> <span class='ocrx_word' id='word_1_235' title='bbox 1309 3976 1409 4038; x_wconf 88' lang='lat' dir='ltr'>regno</span> <span class='ocrx_word' id='word_1_236' title='bbox 1432 3978 1502 4020; x_wconf 91' lang='lat' dir='ltr'>meo</span> 
     </span>
     <span class='ocr_line' id='line_1_35' title="bbox 316 4042 1502 4128; baseline 0.001 -18"><span class='ocrx_word' id='word_1_237' title='bbox 316 4044 562 4125; x_wconf 89' lang='lat' dir='ltr'>benemeritum,</span> <span class='ocrx_word' id='word_1_238' title='bbox 586 4065 626 4107; x_wconf 84' lang='lat' dir='ltr'>ex</span> <span class='ocrx_word' id='word_1_239' title='bbox 648 4045 794 4127; x_wconf 91' lang='lat' dir='ltr'>predicto</span> <span class='ocrx_word' id='word_1_240' title='bbox 819 4046 1004 4127; x_wconf 88' lang='lat' dir='ltr'>episcopatu</span> <span class='ocrx_word' id='word_1_241' title='bbox 1026 4042 1204 4125; x_wconf 81' lang='lat' dir='ltr'>Sirmiensi,</span> <span class='ocrx_word' id='word_1_242' title='bbox 1223 4045 1275 4108; x_wconf 92' lang='lat' dir='ltr'>cui</span> <span class='ocrx_word' id='word_1_243' title='bbox 1292 4066 1379 4109; x_wconf 90' lang='lat' dir='ltr'>more</span> <span class='ocrx_word' id='word_1_244' title='bbox 1394 4054 1502 4128; x_wconf 88' lang='lat' dir='ltr'>pasto-</span> 
     </span>
     <span class='ocr_line' id='line_1_36' title="bbox 316 4132 1501 4217; baseline 0.003 -20"><span class='ocrx_word' id='word_1_245' title='bbox 316 4135 361 4199; x_wconf 91' lang='lat' dir='ltr'>ris</span> <span class='ocrx_word' id='word_1_246' title='bbox 394 4133 635 4215; x_wconf 84' lang='lat' dir='ltr'>vigilantissimi</span> <span class='ocrx_word' id='word_1_247' title='bbox 667 4134 880 4198; x_wconf 87' lang='lat' dir='ltr'>laudabiliter</span> <span class='ocrx_word' id='word_1_248' title='bbox 912 4132 1044 4217; x_wconf 86' lang='lat' dir='ltr'>prefuit,</span> <span class='ocrx_word' id='word_1_249' title='bbox 1086 4134 1128 4197; x_wconf 91' lang='lat' dir='ltr'>ad</span> <span class='ocrx_word' id='word_1_250' title='bbox 1160 4135 1382 4217; x_wconf 89' lang='lat' dir='ltr'>episcopatum</span> <span class='ocrx_word' id='word_1_251' title='bbox 1416 4137 1501 4200; x_wconf 88' lang='lat' dir='ltr'>hunc</span> 
     </span>
     <span class='ocr_line' id='line_1_37' title="bbox 316 4223 1501 4307; baseline 0.002 -19"><span class='ocrx_word' id='word_1_252' title='bbox 316 4223 543 4304; x_wconf 90' lang='lat' dir='ltr'>Nittriensem,</span> <span class='ocrx_word' id='word_1_253' title='bbox 576 4225 729 4288; x_wconf 87' lang='lat' dir='ltr'>canonice</span> <span class='ocrx_word' id='word_1_254' title='bbox 761 4230 953 4306; x_wconf 90' lang='lat' dir='ltr'>vetustoque</span> <span class='ocrx_word' id='word_1_255' title='bbox 991 4223 1084 4306; x_wconf 87' lang='lat' dir='ltr'>regni</span> <span class='ocrx_word' id='word_1_256' title='bbox 1122 4226 1185 4288; x_wconf 93' lang='lat' dir='ltr'>mei</span> <span class='ocrx_word' id='word_1_257' title='bbox 1223 4226 1501 4307; x_wconf 82' lang='lat' dir='ltr'>jurispatronatus</span> 
     </span>
     <span class='ocr_line' id='line_1_38' title="bbox 316 4313 1501 4398; baseline 0.003 -21"><span class='ocrx_word' id='word_1_258' title='bbox 316 4314 494 4396; x_wconf 90' lang='lat' dir='ltr'>privilegio,</span> <span class='ocrx_word' id='word_1_259' title='bbox 518 4315 683 4378; x_wconf 91' lang='lat' dir='ltr'>transtuli.</span> <span class='ocrx_word' id='word_1_260' title='bbox 716 4313 821 4397; x_wconf 77' lang='lat' dir='ltr'>Quem</span> <span class='ocrx_word' id='word_1_261' title='bbox 852 4319 893 4394; x_wconf 91' lang='lat' dir='ltr'>et,</span> <span class='ocrx_word' id='word_1_262' title='bbox 926 4334 984 4397; x_wconf 94' lang='lat' dir='ltr'>pro</span> <span class='ocrx_word' id='word_1_263' title='bbox 1008 4335 1078 4378; x_wconf 93' lang='lat' dir='ltr'>meo</span> <span class='ocrx_word' id='word_1_264' title='bbox 1102 4335 1312 4396; x_wconf 87' lang='lat' dir='ltr'>meorumque</span> <span class='ocrx_word' id='word_1_265' title='bbox 1335 4315 1501 4398; x_wconf 88' lang='lat' dir='ltr'>predeces-</span> 
     </span>
     <span class='ocr_line' id='line_1_39' title="bbox 265 4401 1501 4486; baseline 0.002 -18"><span class='ocrx_word' id='word_1_266' title='bbox 265 4418 267 4424; x_wconf 86' lang='lat'>&#39;</span> <span class='ocrx_word' id='word_1_267' title='bbox 317 4425 425 4468; x_wconf 88' lang='lat' dir='ltr'>sorum</span> <span class='ocrx_word' id='word_1_268' title='bbox 450 4401 623 4485; x_wconf 88' lang='lat' dir='ltr'>Hungarie</span> <span class='ocrx_word' id='word_1_269' title='bbox 647 4425 760 4486; x_wconf 87' lang='lat' dir='ltr'>regum</span> <span class='ocrx_word' id='word_1_270' title='bbox 783 4404 885 4468; x_wconf 89' lang='lat' dir='ltr'>veteri</span> <span class='ocrx_word' id='word_1_271' title='bbox 909 4410 942 4468; x_wconf 90' lang='lat' dir='ltr'>et</span> <span class='ocrx_word' id='word_1_272' title='bbox 966 4405 1092 4468; x_wconf 88' lang='lat' dir='ltr'>usitatu</span> <span class='ocrx_word' id='word_1_273' title='bbox 1116 4404 1356 4486; x_wconf 83' lang='lat' dir='ltr'>consuetudine,</span> <span class='ocrx_word' id='word_1_274' title='bbox 1382 4409 1501 4470; x_wconf 90' lang='lat' dir='ltr'>sancti-</span> 
     </span>
     <span class='ocr_line' id='line_1_40' title="bbox 317 4493 1502 4578; baseline 0.003 -20"><span class='ocrx_word' id='word_1_275' title='bbox 317 4496 379 4558; x_wconf 86' lang='lat' dir='ltr'>tati</span> <span class='ocrx_word' id='word_1_276' title='bbox 412 4498 519 4558; x_wconf 89' lang='lat' dir='ltr'>vestre</span> <span class='ocrx_word' id='word_1_277' title='bbox 557 4493 650 4556; x_wconf 84' lang='lat' dir='ltr'>duxi</span> <span class='ocrx_word' id='word_1_278' title='bbox 675 4493 938 4576; x_wconf 86' lang='lat' dir='ltr'>presentandum,</span> <span class='ocrx_word' id='word_1_279' title='bbox 977 4495 1162 4577; x_wconf 85' lang='lat' dir='ltr'>supplicans</span> <span class='ocrx_word' id='word_1_280' title='bbox 1201 4495 1304 4558; x_wconf 92' lang='lat' dir='ltr'>eidem</span> <span class='ocrx_word' id='word_1_281' title='bbox 1343 4496 1502 4578; x_wconf 88' lang='lat' dir='ltr'>singulari</span> 
     </span>
     <span class='ocr_line' id='line_1_41' title="bbox 316 4583 1501 4665; baseline 0.003 -17"><span class='ocrx_word' id='word_1_282' title='bbox 316 4586 418 4648; x_wconf 89' lang='lat' dir='ltr'>animi</span> <span class='ocrx_word' id='word_1_283' title='bbox 441 4583 612 4648; x_wconf 89' lang='lat' dir='ltr'>devocione</span> <span class='ocrx_word' id='word_1_284' title='bbox 636 4589 669 4647; x_wconf 91' lang='lat' dir='ltr'>et</span> <span class='ocrx_word' id='word_1_285' title='bbox 693 4583 910 4662; x_wconf 86' lang='lat' dir='ltr'>observancia,</span> <span class='ocrx_word' id='word_1_286' title='bbox 935 4584 1054 4665; x_wconf 87' lang='lat' dir='ltr'>quibus</span> <span class='ocrx_word' id='word_1_287' title='bbox 1073 4585 1106 4648; x_wconf 90' lang='lat' dir='ltr'>in</span> <span class='ocrx_word' id='word_1_288' title='bbox 1126 4586 1337 4649; x_wconf 86' lang='lat' dir='ltr'>sanctitatem</span> <span class='ocrx_word' id='word_1_289' title='bbox 1360 4593 1501 4652; x_wconf 91' lang='lat' dir='ltr'>vestram</span> 
     </span>
    </p>
   </div>
   <div class='ocr_carea' id='block_1_8' title="bbox 0 0 1732 5492">
    <p class='ocr_par' dir='ltr' id='par_1_8' title="bbox 0 0 1732 5492">
     <span class='ocr_line' id='line_1_42' title="bbox 0 0 1732 5492; baseline 0 0"><span class='ocrx_word' id='word_1_290' title='bbox 0 0 1732 5492; x_wconf 95' lang='lat' dir='ltr'> </span> 
     </span>
    </p>
   </div>
  </div>
 </body>
</html>
