3454 5492
303 444 364 502 118
797 443 984 496 canavarias

408 631 502 716 Quod
534 633 576 696 ad
609 636 842 696 testamentum
877 631 1016 715 episcopi
1041 629 1218 694 Nitrieusis
1243 630 1372 708 attinet,
1397 629 1483 711 quod

303 725 426 790 domini
458 723 598 806 praelati
631 721 814 785 executioni
847 719 1038 784 demandari
1069 726 1197 802 petunt,
1230 739 1317 782 nunc
1356 741 1483 802 quoque

301 815 406 899 priori
428 820 559 878 nostrae
584 811 719 876 demisse
743 811 950 874 inhaeremus
974 811 1126 892 opinioni.
1151 807 1234 874 Oum
1253 809 1312 872 hoc
1329 810 1483 873 ultimum

303 909 538 970 testamentum
569 902 612 966 ad
645 903 736 984 prius
769 901 972 964 demonstrat
1005 905 1038 963 et
1066 900 1134 964 sine
1157 899 1265 981 priore
1288 899 1396 962 locum
1420 920 1484 963 non

302 995 424 1060 habere
456 1015 546 1076 posse
579 991 739 1071 videatur,
772 1011 911 1072 cumque
945 991 1166 1073 intelligamus
1192 1011 1211 1052 a
1240 991 1385 1070 personis
1408 989 1484 1054 fide·

304 1085 411 1167 dignis
436 1085 542 1166 ipsum
566 1082 759 1164 episcopum,
784 1087 856 1145 tum
880 1102 953 1145 oum
977 1081 1036 1144 hoc
1066 1080 1218 1144 ultimum
1252 1086 1484 1144 testamentum

208 1204 210 1209 ·
303 1175 522 1257 conscriptum
538 1179 595 1252 est,
612 1173 652 1236 ob
669 1178 811 1235 aetatem
827 1171 893 1234 iam
910 1171 1117 1253 decrepitam,
1138 1191 1202 1234 uon
1221 1169 1321 1234 fuisse
1337 1171 1486 1252 integrae

304 1267 422 1330 mentis
438 1270 473 1328 et
489 1263 671 1342 memoriae,
688 1261 834 1344 illudque
851 1262 957 1344 ipsum
976 1262 1045 1324 eius
1069 1260 1270 1324 cubiculario
1295 1259 1486 1325 Alexandro

303 1354 537 1438 Wyzochiakio
576 1353 734 1417 suadente
773 1351 871 1415 fuisse
909 1372 967 1434 per
1006 1351 1218 1414 secretarium
1257 1351 1485 1434 conscriptum,

301 1446 409 1530 priore
443 1449 648 1522 testamenta
682 1441 769 1524 quod
801 1461 881 1505 sana
913 1446 1020 1504 mente
1050 1439 1209 1522 firmaque
1233 1442 1389 1505 memoria
1413 1462 1486 1505 con-

302 1536 435 1615 siderat,
467 1533 590 1617 partim
623 1538 757 1611 cassate,
780 1531 902 1614 partim
934 1552 1009 1594 vero
1042 1531 1075 1593 in
1105 1552 1162 1594 sue
1186 1530 1255 1594 loco
1278 1531 1401 1611 relicte,
1436 1532 1486 1594 uti

302 1629 372 1710 ipsa
397 1626 496 1689 etiam
519 1621 688 1705 inscriptio
712 1621 902 1687 testamenti
927 1621 1022 1685 clare
1037 1621 1189 1700 ostendit,
1214 1622 1240 1684 si
1263 1621 1376 1703 itaque
1403 1641 1487 1685 sere-

304 1717 404 1782 nitati
428 1721 554 1778 vestrae
576 1713 746 1796 placuerit,
771 1712 909 1794 benigne
934 1710 1055 1793 poterit
1071 1717 1104 1774 et
1121 1710 1160 1774 de
1177 1712 1365 1776 testamenti
1380 1712 1486 1793 dispo-

303 1807 420 1870 sitione
453 1810 486 1868 et
519 1804 557 1866 de
590 1823 700 1867 rerum
733 1803 872 1884 episcopi
906 1799 1126 1880 distractione,
1168 1801 1339 1883 inquisitio
1380 1801 1486 1866 adhuc

303 1895 442 1960 institui.
467 1892 591 1958 Actum
615 1892 756 1972 Posonii,
780 1892 832 1956 die
857 1896 907 1956 20.
932 1890 1110 1955 Februarii
1134 1911 1219 1955 anno
1245 1894 1339 1954 1580.

413 1984 608 2051 Serenitatis
632 1990 759 2046 vestrae

985 2069 1096 2134 fideles
1120 2072 1294 2136 servitores

848 2181 994 2225 camerae
1018 2161 1234 2244 Hungaricae
1257 2162 1442 2226 consiliarii.

413 2327 448 2386 (A
468 2342 502 2375 cs.
524 2325 550 2376 es
571 2327 596 2373 k.
617 2327 697 2374 ko'zos
716 2319 1045 2389 pe'nziigyminiszterium
1068 2319 1279 2384 leveltaraban.)

862 2693 935 2758 XO.

809 2858 992 2918 losa-89.

311 3013 560 3082 Coretum-mat
584 3015 808 3080 'talcatede‘selc
832 3038 853 3122 a
877 3037 1014 3170 mpppor
1036 3017 1181 3099 pdspdlcl
1205 3018 1318 3082 scatet
1350 3017 1491 3082 lctt'ltc'se

827 3129 906 3189 appe
927 3126 976 3171 aa.

751 3325 845 3384 1582.
869 3321 982 3402 aprilis
1007 3329 1057 3385 30.

669 3482 845 3546 Refereute
871 3497 932 3546 rmo
956 3480 1129 3548 Gesualdo.

417 3644 571 3708 Absolvit
587 3667 612 3706 r.
629 3667 658 3726 p.
679 3642 858 3726 Georgium
874 3645 1060 3727 episcopum
1079 3645 1105 3708 J
1107 3645 1289 3708 auriensem
1313 3667 1332 3708 a
1355 3645 1492 3724 vinculo,
1545 3639 1547 3642 ’

312 3757 375 3818 quo
400 3735 551 3800 ecclesiae
566 3734 737 3798 Jauriensi
762 3734 937 3798 tenebatur
962 3740 994 3798 et
1019 3756 1093 3798 eum
1116 3735 1297 3815 transtulit,
1320 3736 1362 3800 ad
1386 3756 1492 3800 caesa-

312 3847 402 3890 ream
415 3825 721 3908 praesentationem,
738 3825 780 3888 ad
796 3825 1081 3907 metropolitanam
1096 3825 1262 3889 ecclesiam
1279 3824 1493 3906 Oolocensem,

312 3922 482 3978 vacantem
505 3935 564 3998 per
588 3915 714 3980 obitum
737 3915 916 3994 Francisci,
949 3916 1120 3998 ipsumque
1151 3915 1200 3978 illi
1216 3918 1258 3979 'in
1281 3916 1493 3999 archiepisco-

311 4028 389 4088 pum
428 4005 587 4088 praeiecit
621 4010 653 4068 et
685 4011 856 4087 pastorem,
890 4026 1002 4069 curam
1034 4006 1273 4086 committendo,
1307 4013 1339 4069 et
1372 4006 1493 4069 dictam

313 4095 480 4159 ecclesiam
504 4095 713 4159 Jauriensem
737 4096 770 4158 in
794 4095 1112 4159 administrationem
1136 4097 1240 4160 eidem
1264 4119 1289 4159 r.
1306 4095 1335 4158 d.
1353 4093 1494 4177 Georgia

313 4184 552 4268 archiepiscopo
577 4183 753 4265 Oolocensi,
777 4206 850 4249 cum
875 4186 1013 4266 decretu,
1038 4187 1124 4268 quod
1148 4186 1235 4250 infra
1259 4186 1338 4250 duos
1362 4207 1494 4266 menses,

314 4282 465 4338 teneatur
497 4275 728 4357 professionem
759 4275 835 4340 fidei
869 4276 1018 4340 emittere
1042 4283 1075 4339 et
1098 4299 1172 4340 eum
1195 4275 1349 4340 clausulis
1381 4296 1494 4358 oppor-

313 4366 402 4428 tunis
427 4371 459 4427 et
483 4366 650 4446 consuetis,
675 4365 869 4430 absolvendo
893 4372 952 4429 etc.
977 4367 1023 4430 ut
1046 4367 1111 4430 fuit
1135 4367 1223 4430 facta
1248 4367 1363 4448 gratia.
