3458 5500
458 472 477 509 a
500 471 621 510 naaria
644 471 703 510 mn.
727 469 857 512 unorum
880 471 934 510 roc
957 461 1187 514 rtarfinzrfinnz.
1355 454 1417 514 321

234 643 452 709 ecclesiastica
477 666 541 708 uon
567 643 739 726 Hungaris
767 645 990 730 conferuntur,
1020 645 1101 709 tales
1124 666 1182 728 per
1205 645 1420 711 obtinendum

234 757 253 798 a
277 734 371 798 nobis
393 733 604 817 indigenatus
623 735 838 817 privilegium,
858 740 959 798 semet
975 741 1111 798 eatenus
1126 735 1258 798 idoneos
1275 741 1308 799 et
1324 755 1419 818 capa-

234 845 284 888 ces
318 823 467 904 reddant,
501 825 750 906 juramentoque
774 823 943 888 fidelitatis
967 825 1076 905 regiae
1100 823 1265 889 maiestati
1289 825 1420 891 debitae

233 913 490 997 obstringantur.
515 914 662 994 Benigne
690 915 801 995 itaque
825 915 992 996 cupientes
1016 915 1146 993 abusuS,
1175 914 1232 996 qui
1255 935 1293 978 ex
1317 914 1420 980 inter-

233 1003 383 1067 missione
407 1003 656 1085 praemissorum
681 1005 714 1066 iu
739 1025 802 1066 uno
827 1011 859 1066 et
883 1003 946 1066 alio
969 1003 1038 1067 loco
1062 1003 1275 1085 irrepserunt,
1304 1005 1419 1070 tollere

233 1099 265 1156 et
289 1093 456 1173 abrogare,
488 1093 704 1157 fidelitatibus
734 1092 849 1156 vestris
872 1093 960 1157 hisce
983 1093 1160 1156 clementer
1183 1093 1418 1158 committimus

232 1188 265 1245 et
289 1183 490 1260 mandamus
515 1189 677 1264 quatenus
709 1182 958 1264 archiepiscopis
983 1187 1015 1246 et
1040 1182 1197 1264 episcopis
1221 1182 1418 1247 dioecesanis

231 1293 305 1335 mox
330 1272 493 1350 intiment,
518 1278 555 1335 ut
579 1272 677 1335 iidem
694 1272 720 1336 si
737 1273 770 1335 in
787 1271 988 1336 dioecesibus
1011 1272 1078 1336 suis
1102 1271 1297 1336 conterenda
1320 1294 1417 1355 quae·

231 1361 318 1443 piam
352 1361 496 1425 habeant
529 1360 686 1426 beneficia
720 1362 945 1440 ecclesiastica,
988 1361 1067 1424 hacc
1106 1383 1170 1424 non
1208 1361 1281 1425 aliis
1318 1384 1417 1445 quam

232 1451 318 1534 aptis
342 1458 375 1514 et
398 1451 607 1514 benemeritis
636 1451 791 1533 subjectis
816 1452 945 1532 nativis,
969 1451 1019 1514 vel
1043 1451 1134 1532 regia
1157 1452 1359 1516 concessione
1382 1453 1416 1515 in

231 1540 402 1622 indigenas
436 1540 563 1619 creatis,
596 1540 743 1603 amodo
766 1541 917 1624 deinceps
950 1541 1128 1616 conferant,
1163 1547 1196 1604 et
1228 1541 1300 1605 illos
1337 1563 1417 1624 quos

230 1636 307 1694 actu
334 1631 400 1712 jam
425 1629 459 1692 in
480 1629 632 1712 capitulis
656 1631 723 1694 suis
745 1630 904 1694 haberent
928 1651 992 1694 non
1016 1630 1204 1712 Hungaros,
1223 1631 1266 1694 ad
1290 1651 1415 1695 remon-

231 1719 403 1784 strandum
437 1720 464 1783 si
496 1719 641 1783 habeant
673 1720 826 1784 collatum
861 1719 923 1784 sibi
956 1720 1182 1801 indigenatum
1211 1719 1416 1804 Hungariae,

231 1830 321 1873 secus
346 1830 421 1873 vero
445 1808 637 1892 suppliciter
660 1809 789 1873 anobis
813 1809 991 1892 petendum
1015 1816 1048 1872 et
1071 1809 1314 1892 impetrandum
1337 1831 1416 1874 eun-

231 1899 313 1976 dem,
338 1919 461 1962 necnon
485 1899 717 1980 praestandum
744 1900 921 1962 successive
944 1898 1155 1980 indigenatus
1171 1906 1204 1962 et
1220 1900 1414 1962 servandum

230 1989 338 2070 regiae
371 1988 536 2052 maiestati
569 1987 716 2052 debitum
748 1987 919 2053 fidelitatis
950 1989 1174 2071 juramentum
1207 1988 1416 2071 adstringant

230 2084 263 2140 et
297 2078 474 2160 respective
506 2078 687 2156 remittant,
721 2097 758 2141 ac
791 2077 830 2141 de
860 2079 910 2142 his
934 2078 968 2140 in
992 2077 1145 2160 capitulis
1169 2079 1313 2159 ipsorum
1337 2085 1415 2143 actu

229 2167 447 2231 existentibus
480 2165 660 2248 Hungaris,
693 2168 749 2248 qui
783 2169 936 2230 nimirum
966 2165 1165 2248 acqualiter
1188 2167 1415 2250 indigenatum

229 2256 442 2336 obtinuerint,
477 2263 675 2338 eatenusque
698 2257 893 2338 praestitum
917 2256 1087 2320 fidelitatis
1110 2257 1332 2337 juramentum
1358 2258 1415 2322 ubi

228 2346 464 2427 praestiterint,
496 2347 553 2427 qui
583 2345 661 2410 item
684 2368 723 2410 ex
747 2347 949 2411 ommissione
973 2347 1089 2410 horum
1113 2346 1154 2409 ad
1179 2347 1414 2429 acquirendum

228 2435 386 2500 eiusmodi
410 2435 637 2516 indigenatum
661 2434 896 2520 fidelitatisque
925 2435 1148 2518 juramentum
1180 2437 1414 2518 praestandum

229 2525 354 2588 remissi
379 2525 559 2603 extiterint,
584 2525 759 2606 genuinam
782 2526 1046 2590 connotationem
1065 2524 1281 2590 fidelitatibus
1298 2527 1414 2590 vestris

228 2614 459 2680 incunctanter
478 2619 732 2696 repraesentent,
756 2616 875 2680 abinde
892 2617 984 2681 nobis
1002 2635 1131 2698 quoque
1146 2615 1412 2679 submittendam.

228 2701 403 2770 Caeterum
435 2702 652 2767 fidelitatibus
690 2707 805 2770 vestris
844 2705 951 2788 gratia
984 2710 1095 2768 nostra
1135 2724 1283 2768 caesareo
1322 2705 1414 2786 regia

228 2793 367 2875 benigne
382 2794 570 2876 jugiterque
586 2795 737 2876 propensi
753 2816 929 2858 manemus.
955 2793 1081 2858 Datum
1097 2794 1131 2857 in
1147 2795 1281 2860 civitate
1297 2799 1413 2859 nostra

227 2881 357 2948 Vienna
380 2882 541 2947 Austriae
564 2883 617 2946 dic
641 2884 741 2947 tertia
760 2885 878 2949 mensis
901 2883 1058 2948 «Ianuarii
1074 2903 1159 2946 auno
1176 2883 1298 2947 domini
1317 2889 1412 2948 1732.

335 2969 480 3036 Carolus.

962 3059 1113 3126 Adamus
1137 3059 1270 3142 Acsady

889 3152 1058 3234 episcopus
1081 3149 1342 3232 Vesprimiensis.

990 3240 1111 3304 Petrus
1135 3239 1239 3322 Vegh.

334 3393 484 3465 (Eredetije
504 3414 534 3449 az
553 3400 678 3464 orszagos
697 3398 890 3466 leveltarban.)

746 3735 880 3804 OOXV.

678 3902 772 3962 1733.
796 3899 901 3982 majus
926 3906 954 3964 2.

223 4059 274 4119 Aa
297 4055 510 4133 allomtitlcdr,
534 4077 575 4120 oz
598 4057 726 4121 Attico
742 4057 895 4122 ethoram
911 4057 1003 4122 ociori
1016 4058 1147 4139 pitspo'lr
1164 4057 1244 4121 cilici
1261 4057 1407 4124 Romilio

361 4144 583 4227 feltcrjeaztetl
610 4147 747 4229 aebdop
771 4149 922 4231 oppdlpos
947 4148 1095 4212 lre‘rde‘arc
1120 4147 1267 4211 odloczol.

330 4307 363 4373 A
388 4307 527 4372 soconda
559 4309 643 4372 delle
674 4331 825 4393 premure
858 4312 892 4376 di
915 4318 1024 4375 vostra
1051 4309 1217 4373 eminenza
1240 4310 1281 4375 ho
1305 4318 1406 4375 sotto-

221 4399 307 4481 posti
331 4399 382 4462 all’
407 4418 512 4462 esame
537 4399 569 4462 di
593 4399 703 4463 alcuni
727 4400 761 4464 di
784 4401 891 4483 questi
915 4399 1162 4464 eminentissimi
1185 4399 1261 4463 miei
1284 4401 1405 4481 signori

222 4487 308 4553 della
330 4509 423 4552 sacra
447 4488 699 4570 congregazione
723 4491 796 4554 dell’
812 4491 987 4555 immunita
1011 4487 1228 4552 ecclesiastica
1251 4489 1262 4552 i
1285 4491 1403 4570 quesiti

222 4577 322 4642 dalei
339 4578 416 4642 fatti
440 4597 497 4659 per
521 4598 655 4660 operare
679 4599 736 4642 con
761 4582 925 4644 sicurezza
949 4579 1035 4643 della
1050 4597 1110 4641 sua
1126 4579 1298 4658 coscienza,
1318 4579 1404 4644 nella

265 4697 440 4746 onnnvfinrln
463 4707 482 4744 Δ
505 4711 533 4748 u.
557 4709 584 4746 κ.
609 4709 729 4748 snorum
752 4714 803 4750 roo
826 4705 979 4754 rcum-unz.
1264 4706 1295 4752 zi
