3458 5492
336 425 398 485 132
830 431 1015 484 ornnvrtmln

330 619 527 697 animarum,
553 637 635 700 quae
661 617 725 681 illis
749 619 893 683 creditae
916 625 1000 698 sunt,
1025 617 1194 682 securitati
1213 623 1308 697 certe,
1325 623 1362 680 ut
1378 639 1438 699 par
1459 621 1516 696 est,

335 710 506 774 consulant
530 731 567 771 ac
591 710 791 790 provideant,
809 730 861 772 eos
881 709 1117 774 absolutionem
1140 729 1160 772 a
1184 708 1328 772 censuris
1345 729 1382 771 ac
1398 707 1517 790 poenis,

335 799 368 862 in
402 821 482 881 quas
521 805 693 880 propterea
734 799 953 880 incurrerunt,
992 821 1029 861 ac
1069 798 1367 862 rehabilitationem
1407 803 1517 879 petere

335 909 462 952 necesse
494 895 551 951 est.
584 887 700 970 Neque
724 910 798 952 vero
822 889 951 952 silentio
984 888 1162 971 praeterire
1195 895 1253 951 aut
1286 908 1423 970 possum,
1458 892 1517 950 aut

335 978 444 1057 debeo,
477 999 632 1060 magnum
665 979 895 1043 cancellarium
929 979 1020 1060 regni
1053 977 1256 1060 Hungariae,
1281 979 1336 1060 qui
1367 977 1408 1040 ad
1432 976 1516 1040 ‹lau-

335 1068 473 1132 riensern
492 1068 658 1132 ecclesiam
675 1073 752 1131 ante
767 1068 847 1134 XV.
864 1089 987 1133 menses
1011 1070 1044 1132 in
1069 1068 1258 1132 consistorio
1282 1089 1332 1131 me
1356 1066 1517 1130 referente

334 1164 502 1240 promotus
525 1159 576 1237 sit,
611 1157 755 1221 nondum
787 1159 900 1223 literas
934 1158 1139 1242 expedivisse‚
1173 1179 1246 1221 cum
1270 1165 1435 1221 tamense
1459 1175 1517 1238 pro

335 1245 482 1331 episcopo
497 1247 522 1312 J
524 1249 666 1312 auriensi
692 1254 793 1330 gerat.
819 1248 891 1312 Hoc
915 1255 1024 1312 autem
1049 1269 1112 1312 non
1130 1269 1166 1312 eo
1183 1249 1263 1326 dico,
1288 1253 1325 1310 ut
1342 1246 1389 1310 illi
1405 1245 1517 1328 aliqua

335 1361 373 1401 ex
397 1345 490 1421 parte
514 1337 663 1418 officiam,
681 1359 792 1401 verum
811 1345 849 1401 ut
868 1339 976 1420 potius
999 1339 1114 1421 juvem,
1139 1343 1172 1400 et
1196 1337 1274 1420 quid
1298 1359 1372 1400 eum
1396 1336 1517 1413 deceat,

335 1429 402 1510 ipse
427 1434 547 1507 noscat,
581 1449 706 1492 omnem
732 1448 835 1491 meam
859 1449 990 1510 operam
1014 1434 1047 1491 et
1070 1428 1230 1492 auxilium
1254 1426 1401 1490 deferens
1429 1425 1517 1508 apud

336 1539 428 1582 suam
452 1517 699 1597 beatitudinem,
734 1523 771 1580 ut
794 1519 824 1580 ei
848 1519 1049 1600 caeterisque
1073 1519 1182 1582 omnia
1206 1522 1388 1600 opportuna
1416 1536 1517 1579 reme-

336 1608 391 1671 dia
415 1614 568 1690 praestet.

443 1695 537 1779 Quod
562 1697 603 1760 ad
628 1719 697 1761 eam
721 1698 911 1780 petitionem
944 1697 1096 1778 pertinet,
1130 1703 1167 1761 ut
1200 1695 1356 1780 ejusmodi
1388 1695 1517 1779 expedi-

336 1789 439 1850 tiones
463 1787 584 1869 absque
609 1787 676 1850 ulla
699 1787 822 1869 jurium
846 1807 991 1850 camerae
1015 1787 1210 1870 apostolicae
1236 1787 1395 1852 solutione
1427 1785 1517 1866 fiant,

335 1877 417 1940 illud
456 1878 504 1940 ita
542 1877 723 1959 majestatis
762 1883 889 1941 vestrae
928 1877 1134 1960 benignitate
1171 1879 1383 1960 permittente
1415 1897 1435 1939 a
1468 1897 1518 1940 me

336 1967 460 2030 dictum
480 1967 558 2047 volo,
583 1988 751 2048 nunquam
771 1969 933 2031 Romanos
953 1967 1120 2048 pontifices
1137 1968 1283 2032 sedemve
1300 1966 1518 2050 apostolicam,

336 2079 439 2137 neque
472 2078 530 2138 pro
564 2057 757 2121 electionum
791 2056 1043 2138 confirmatione,
1079 2078 1183 2140 neque
1218 2079 1277 2139 pro
1310 2057 1518 2121 ecclesiarum

336 2147 526 2229 provisione,
560 2149 625 2210 sive
649 2168 705 2210 eac
728 2147 850 2211 liberae
875 2147 949 2226 sint,
985 2149 1050 2210 sive
1076 2148 1289 2211 nominationi
1314 2153 1346 2211 et
1369 2167 1518 2229 praesen·

336 2237 455 2300 tationi
487 2237 687 2319 subjaceant,
722 2258 827 2319 neque
849 2257 908 2318 pro
931 2237 1037 2301 libera
1060 2237 1232 2302 collatione
1255 2237 1396 2318 cujusvis
1420 2235 1518 2300 eccle-

336 2327 458 2392 siastici
483 2326 630 2390 beneficii
656 2327 836 2409 quidquam
859 2327 1005 2408 accipere
1029 2328 1238 2406 consuevisse,
1254 2328 1353 2391 immo
1376 2326 1518 2390 maxima

337 2415 549 2480 beneficentia
580 2418 655 2498 jura
687 2417 757 2498 ipsa
791 2417 911 2495 debita,
944 2438 1028 2498 quae
1052 2439 1090 2481 ex
1114 2418 1277 2482 fructibus
1310 2417 1518 2480 ecclesiarum

336 2506 376 2571 ad
401 2513 524 2570 certam
549 2506 713 2588 quandam
737 2511 959 2588 pervetustam
993 2509 1194 2571 taxationem
1217 2508 1334 2571 merito
1365 2505 1515 2570 solvenda

336 2603 421 2674 sunt,
445 2597 509 2660 sive
533 2617 591 2677 pro
616 2596 740 2660 decima
765 2596 972 2676 decimarum,
1007 2618 1089 2679 quae
1122 2618 1246 2662 summo
1279 2597 1439 2661 sacerdoti
1464 2617 1516 2658 ex-

335 2707 443 2768 presso
477 2685 539 2748 Dei
572 2686 670 2750 verbo
703 2685 849 2765 debetur,
883 2687 949 2750 sive
981 2685 1046 2750 alia
1078 2688 1117 2751 de
1151 2709 1249 2751 causa
1287 2706 1516 2769 saepenumero

336 2777 561 2855 remittuntur,
601 2797 683 2858 quae
716 2776 781 2858 jam
814 2775 855 2838 ab
889 2777 1117 2858 antiquissimo
1156 2785 1300 2859 tempore
1333 2798 1352 2840 a
1385 2776 1518 2841 summis

336 2865 545 2947 pontificibus
577 2867 743 2947 assignata
766 2872 851 2945 suut,
882 2867 1004 2948 partim
1028 2888 1119 2931 sacro
1142 2874 1252 2931 nostro
1276 2866 1419 2949 collegio,
1443 2887 1517 2949 par·

337 2956 395 3018 tim
428 2955 622 3019 officialibus
655 2955 866 3020 cancellariae
898 2957 1103 3038 apostolicae,
1137 2964 1174 3021 ut
1202 2957 1337 3036 labores,
1372 2977 1452 3038 quos
1485 2955 1518 3018 in

337 3045 596 3128 expeditionibus
619 3045 791 3125 sustinent,
817 3046 902 3109 ferre
925 3047 1058 3128 possint,
1083 3069 1120 3110 ac
1145 3054 1182 3110 ut
1206 3047 1347 3127 videant,
1376 3045 1518 3127 nequid

337 3142 460 3214 contra,
494 3156 592 3218 quam
617 3135 738 3214 deceat,
763 3137 795 3199 in
819 3136 870 3200 his
894 3135 961 3215 fiat,
995 3143 1094 3219 atque
1118 3137 1198 3200 haec
1220 3137 1343 3218 jurium
1366 3135 1519 3215 remissio,

336 3227 370 3288 in
395 3225 663 3308 Hungaricarum
686 3226 859 3307 praecipue
885 3227 1092 3290 ecclesiarum
1119 3227 1332 3308 expeditione,
1351 3227 1419 3290 fere
1438 3246 1518 3289 sem-

337 3316 528 3397 permultis
552 3315 671 3378 abhinc
696 3317 788 3379 annis
812 3316 902 3378 facta
926 3322 982 3396 est,
999 3317 1158 3398 modoque
1177 3316 1211 3379 in
1231 3315 1519 3397 Nitriensi,Vara-

337 3405 441 3468 diensi
456 3403 673 3486 etVaciensi3
698 3406 959 3487 sperandumque
983 3412 1032 3470 est
1055 3407 1094 3469 de
1119 3407 1303 3470 sanctitatis
1327 3427 1404 3470 suae
1428 3405 1518 3470 beni-

338 3495 463 3575 gnitate
487 3495 573 3559 idem
596 3494 666 3558 fore
689 3496 722 3557 in
747 3496 829 3574 aliis,
854 3517 937 3577 quac
961 3503 1097 3560 restant.

445 3583 559 3667 Atque
579 3585 661 3648 illud
677 3591 847 3667 praeterea
863 3585 1036 3649 dicendum
1053 3585 1133 3648 mihi
1149 3586 1286 3665 videtur,
1311 3585 1418 3649 sedem
1443 3606 1519 3667 apo-

337 3675 484 3738 stolicam
499 3697 558 3756 pro
574 3675 701 3738 concilii
719 3674 906 3739 Tridentini
923 3677 1119 3756 executione,
1131 3683 1254 3740 certam
1269 3676 1407 3739 formam
1423 3674 1519 3757 profi-

338 3765 455 3828 tendae
479 3765 658 3829 catholicae
674 3764 750 3828 fidei
765 3767 1017 3848 praescripsisse,
1037 3787 1120 3848 quae
1136 3789 1201 3830 non
1217 3765 1319 3830 solum
1336 3786 1395 3830 nec
1411 3764 1520 3829 omitti

336 3861 453 3937 potest,
488 3876 545 3918 uec
570 3855 676 3934 debet,
709 3855 764 3918 sed
797 3876 856 3921 nec
880 3856 947 3918 ulla
970 3878 1010 3920 ex
1033 3863 1126 3938 parte
1150 3857 1360 3939 quantumvis
1387 3855 1520 3919 minime

337 3945 523 4026 immutari;
549 3966 649 4026 quare
674 3966 771 4027 grave
795 3946 970 4009 admodum
994 3945 1131 4021 videtur,
1160 3946 1284 4010 nullam
1309 3946 1376 4010 fere
1398 3946 1519 4028 profes-

337 4035 459 4097 sionem
483 4035 603 4098 isthinc
627 4035 789 4116 integram
813 4042 845 4098 et
869 4036 1051 4100 absolutam
1069 4037 1111 4099 ad
1127 4036 1362 4118 praescriptam
1383 4034 1519 4099 formam

337 4123 434 4203 mitti,
459 4125 514 4188 sed
538 4125 571 4187 in
595 4125 745 4190 omnibus
769 4126 818 4189 vel
843 4127 941 4190 verba
966 4126 1152 4206 desiderari,
1176 4127 1225 4190 vel
1250 4128 1425 4190 immutata
1442 4146 1519 4204 esse,

338 4219 370 4276 et
394 4213 499 4277 multa
523 4214 631 4278 deesse
654 4215 688 4278 in
712 4215 780 4297 ipso
803 4215 978 4297 profitendi
1003 4217 1105 4280 modo.
1123 4216 1196 4280 Hoc
1220 4217 1282 4299 ipsi
1306 4215 1424 4298 prelati
1448 4215 1519 4297 plu-

338 4304 400 4366 ries
433 4326 452 4366 a
485 4325 544 4384 me,
577 4327 634 4388 per
658 4306 812 4369 nuntium
844 4306 1060 4370 beatitudiuis
1094 4327 1171 4371 suae
1204 4305 1291 4388 apud
1316 4306 1519 4387 majestatem

338 4400 478 4464 vestram
502 4395 707 4476 residentem,
730 4395 973 4476 intellexerunt,
998 4403 1030 4459 et
1054 4396 1088 4459 id
1112 4397 1210 4460 etiam
1234 4417 1345 4458 eorum
1367 4416 1519 4477 procura-

338 4483 402 4547 tori
426 4505 521 4565 saepe
544 4485 731 4566 significavi.
770 4484 828 4549 Ad
852 4506 1006 4567 magnum
1030 4507 1160 4568 quoque
1183 4485 1412 4549 cancellarium
1438 4486 1519 4548 mul-

339 4581 389 4637 tas
423 4574 543 4636 formas
577 4575 629 4637 hic
662 4576 834 4658 impressas
867 4576 949 4650 misi,
989 4581 1025 4638 ut
1064 4577 1222 4640 nominati
1255 4582 1288 4638 et
1321 4575 1520 4658 praesentati
