3454 5492
481 468 499 504 1
524 467 645 506 uaeris
668 468 727 506 1111.
751 468 881 508 sucrum
904 469 958 508 voc
981 456 1208 508 1111111111111.
1396 449 1435 510 61

792 745 901 813 XLV.

672 911 765 970 1500.
790 906 949 972 marczius
974 913 1025 971 21.

255 1073 401 1136 1111111
434 1069 621 1132 Mortooro'l
654 1073 797 1132 11111111
825 1068 1074 1150 porticortbolmi
1108 1071 1258 1151 11111111,
1283 1091 1304 1134 o
1328 1069 1443 1152 kirdly

256 1161 336 1223 rtltol
370 1159 550 1223 1111111111
573 1180 588 1221 1
611 1157 713 1222 ciltolo
746 1159 983 1241 meqoctlosatott
1009 1158 1153 1224 Tbolaoi
1177 1159 1271 1224 Moite‘
1292 1158 1440 1242 fdopcilot

473 1249 669 1330 opdpdnok
689 1251 892 1332 mopero'st'te's
916 1251 1017 1331 cessqctt
1040 1247 1225 1331 bcmrrtotjo.

362 1408 431 1472 Nos
463 1414 639 1473 conventus
672 1408 862 1471 monasterii
895 1407 999 1472 sancti
1027 1407 1169 1472 Martini
1202 1409 1286 1472 sacri
1320 1407 1443 1471 montis

255 1499 426 1563 Pannonia
458 1499 612 1561 memorie
644 1499 906 1563 commendamus
937 1503 1049 1561 tenore
1080 1498 1292 1580 presencium,
1317 1496 1441 1580 signifi-

255 1595 367 1653 cantes
390 1587 510 1670 quibus
534 1587 665 1671 expedit
690 1588 856 1667 universis
884 1587 970 1671 quod
986 1610 1052 1668 nos,
1075 1594 1147 1651 tum
1162 1587 1302 1669 receptis
1318 1587 1444 1651 litteris

255 1677 452 1742 serenissimi
485 1677 607 1741 domini
640 1677 762 1741 domini
787 1675 972 1756 Wladislai,
998 1676 1061 1740 Dei
1087 1677 1198 1759 gracia
1222 1677 1318 1740 huius
1342 1677 1438 1740 Hun-

256 1768 345 1850 garie
362 1775 395 1830 et
411 1766 567 1832 Bohenrie
591 1768 686 1850 regia,
702 1767 825 1831 domini
848 1767 952 1831 nostri
976 1767 1210 1850 gratiosissimi,
1230 1787 1327 1848 super
1346 1768 1439 1829 ernis·

255 1859 343 1921 sione
366 1857 465 1921 huius
489 1855 622 1921 abbatie
646 1857 751 1920 sancti
782 1857 924 1921 Martini
948 1857 987 1920 de
1012 1855 1163 1921 manibus
1182 1877 1239 1920 sue
1258 1855 1443 1920 maiestatis

256 1954 289 2010 et
321 1947 442 2010 ibidem
476 1946 619 2010 eiusdem
652 1946 823 2010 collatione
857 1946 1036 2010 venerabili
1068 1945 1204 2010 Matheo
1238 1945 1277 2010 de
1312 1945 1440 2010 Tholna

255 2036 349 2100 nobis
373 2037 531 2120 porrectis
556 2036 652 2116 facta,
683 2042 753 2100 tum
777 2057 852 2100 vcro
876 2037 916 2100 de
940 2036 1173 2101 consuetudine
1197 2035 1293 2100 huius
1317 2035 1444 2099 ordinis

255 2125 360 2190 nostri
376 2125 550 2208 superinde
573 2126 730 2191 canonica
753 2126 909 2191 electione
925 2126 959 2189 in
979 2131 1140 2189 conventu
1163 2125 1292 2208 publice
1316 2125 1443 2204 habita,

255 2215 361 2299 ipsum
395 2214 567 2279 Matheum
602 2216 641 2279 de
675 2215 803 2280 Tholna
825 2215 860 2278 in
884 2237 995 2279 verum
1020 2223 1052 2278 et
1075 2215 1257 2297 legitimum
1292 2221 1439 2279 nostrum

256 2305 410 2369 abbatem
443 2311 476 2368 et
509 2305 672 2387 prelatum
697 2305 788 2370 nulla
810 2325 942 2388 prorsus
975 2305 1151 2369 simoniaca
1175 2311 1207 2369 et
1230 2304 1342 2386 aliqua
1365 2311 1439 2387 pra-

256 2397 368 2474 vitate,
384 2394 434 2458 vel
450 2395 560 2459 favore
584 2401 695 2458 secuto
718 2395 873 2478 elegimus
897 2403 929 2458 11
953 2395 1199 2474 nominavimus,
1227 2395 1444 2476 eliginrnsque

256 2493 288 2547 et
313 2486 525 2564 nominamus
558 2505 696 2566 eumque
720 2485 762 2549 ad
786 2484 1044 2548 confirmandum
1067 2485 1107 2548 de
1135 2483 1237 2548 veteri
1270 2484 1444 2566 privilegio

257 2573 355 2637 huius
387 2574 481 2656 regni
505 2581 538 2638 et
562 2574 701 2654 ecclesie,
735 2596 791 2639 seu
823 2592 1000 2638 conventus
1023 2573 1124 2656 ipsius
1147 2575 1298 2656 pretacti,
1331 2575 1443 2657 requi·

255 2671 349 2728 rente
373 2670 406 2726 et
430 2669 572 2746 cogente,
606 2665 809 2728 sanctissimo
834 2665 963 2738 domino
987 2670 1097 2727 nostro
1121 2661 1320 2741 Alexandro,
1346 2684 1440 2745 genc-

257 2754 337 2818 ralis
360 2753 493 2818 ecclesie
517 2753 695 2817 christiane
720 2754 873 2818 moderno
897 2753 1044 2836 pontifici
1068 2760 1100 2817 et
1124 2753 1256 2816 ecclesie
1284 2753 1443 2832 Romane,

256 2845 308 2906 cui
332 2843 528 2922 immediate,
552 2843 641 2907 nullo
665 2844 771 2907 medio
795 2844 1033 2908 interveniente
1057 2842 1225 2907 subiacere
1251 2843 1440 2922 dinoscitur,

257 2933 296 2996 dc
327 2932 414 2996 bona
447 2939 480 2995 et
514 2935 659 3014 graciosa
692 2934 872 2998 maiestatis
904 2933 992 3015 regie
1016 2933 1185 2996 voluntate
1218 2939 1250 2996 et
1283 2954 1440 2996 consensu

256 3021 421 3086 offerimus
446 3030 478 3086 et
502 3030 735 3104 presentamus
760 3023 823 3086 imo
848 3023 997 3104 eligimus
1021 3028 1054 3086 et
1081 3021 1293 3100 nominamus,
1310 3043 1440 3106 presen-

173 3137 177 3146 ’
257 3121 429 3193 tamusque
452 3111 570 3175 harum
604 3119 799 3192 nostrarum,
833 3113 952 3196 quibus
977 3112 1119 3195 sigillum
1143 3111 1240 3175 huius
1264 3119 1444 3176 conventus

256 3202 361 3265 nostri
393 3208 441 3264 cst
474 3202 508 3265 in
541 3203 696 3284 pendenti
730 3223 917 3285 appensum,
951 3202 1060 3284 vigore
1084 3207 1117 3264 et
1141 3201 1325 3265 testimonio
1351 3201 1440 3266 litte-

256 3313 368 3356 rarum
393 3291 567 3370 mediante,
583 3291 797 3374 'presentibus
821 3291 941 3355 ibidem
960 3289 1200 3354 venerabilibus
1223 3298 1256 3354 et
1280 3291 1440 3374 religiosis

256 3381 418 3445 iratribus
450 3381 600 3444 Emerico
633 3382 672 3444 de
698 3381 829 3445 Thatha
853 3388 886 3445 11
910 3382 1020 3445 Blasio
1044 3382 1084 3445 de
1108 3380 1444 3464 Koppan-Monostor

257 3469 442 3547 abbatibus
482 3468 642 3554 Gregorio
681 3472 823 3550 custode,
857 3471 993 3550 Jacobo,
1032 3470 1220 3550 Benedicta,
1260 3468 1441 3550 Salomone,

256 3560 402 3640 Nicolao,
418 3559 443 3622 J
445 3560 580 3640 ohanne,
597 3558 748 3643 Georgio,
766 3560 969 3640 Sebastiano,
989 3561 1081 3624 Luca
1105 3567 1137 3624 et
1161 3559 1313 3624 similiter
1337 3561 1444 3624 altcro

256 3649 392 3729 Jacobo,
416 3649 578 3714 iratribus
601 3649 723 3714 ibidem
748 3650 817 3714 Deo
841 3651 962 3732 iugiter
986 3648 1232 3714 famulantibus.
1257 3649 1382 3712 Datum
1406 3651 1439 3713 in

255 3740 339 3802 festo
372 3738 461 3803 beati
494 3740 667 3804 Benedicti
700 3740 839 3820 abbatis,
873 3761 956 3803 anno
990 3739 1123 3803 Domini
1149 3739 1318 3802 millesimo
1346 3741 1444 3822 quin-

257 3830 443 3911 gentesimo.

365 3986 518 4051 (Eredetije
538 4004 554 4038 a
573 3988 782 4041 cuent-marioni
801 3987 949 4057 idapatsag
968 3987 1167 4040 leveltaraban.
1187 3994 1230 4039 42.
1250 4003 1341 4054 capsa,
1361 3989 1404 4048 A.)
