3472 5494
823 433 1010 482 ornavanrla

838 720 1000 786 OXOlII.

774 888 868 946 1686.
892 883 1003 966 junius
1030 889 1056 947 l.

320 1045 371 1110 Aa
394 1045 598 1110 ollomt'itlcolr
623 1044 706 1110 lro'ali
730 1065 751 1108 o
774 1043 857 1108 be'csr'
880 1044 1085 1124 auctiusacl,
1108 1046 1192 1130 bopp
1215 1067 1236 1111 a
1255 1049 1349 1126 papo
1371 1063 1506 1127 puppam

317 1137 408 1200 arilli
432 1136 549 1201 accolo
568 1157 589 1201 a
605 1135 736 1214 biruelc,
760 1133 845 1218 bopp
869 1155 909 1199 oa
933 1134 1090 1216 oljoauua
1116 1135 1295 1200 klaaveaett
1319 1132 1506 1218 esatarpomi

318 1226 410 1290 osea
435 1247 455 1290 a
475 1224 582 1306 popul
605 1225 807 1307 mopcrbsc'te'a
838 1224 911 1288 arou
943 1224 1151 1288 ructuabant·
1174 1224 1229 1309 fop
1253 1246 1293 1290 aa
1315 1223 1418 1288 crsakc'
1435 1223 1505 1306 jop-

714 1314 847 1396 lroto'scip
871 1315 1120 1396 ppokorlctsctto'l.

428 1475 473 1539 Al
498 1475 644 1539 cardinal
669 1475 825 1539 Buonvisi
851 1481 911 1540 eto.

426 1563 482 1627 Ha
507 1565 635 1647 gradilo
660 1565 760 1629 molto
784 1572 895 1629 nostro
921 1565 1048 1646 signore
1072 1565 1102 1628 le
1127 1564 1287 1646 diligenze
1314 1563 1504 1648 praticatesi

317 1653 361 1716 da
385 1661 493 1718 vostra
518 1655 683 1718 eminenza
717 1677 776 1718 con
809 1655 995 1737 monsignor
1028 1656 1228 1720 arcivescovo
1261 1653 1294 1717 di
1327 1651 1504 1735 Strigonia,

318 1742 435 1824 perche
468 1744 496 1806 si
529 1751 664 1826 astenga
698 1744 761 1826 egli
795 1746 836 1808 da
871 1745 975 1827 qualsi
1010 1746 1058 1808 sia
1090 1751 1162 1808 atto
1201 1743 1235 1806 di
1274 1742 1504 1825 giurisdizione

315 1833 534 1898 ecclesiastica
573 1834 678 1915 prima
717 1834 802 1898 della
840 1856 898 1898 sua
932 1834 1205 1913 confermazione3
1246 1839 1278 1896 et
1310 1838 1326 1896 e
1359 1833 1503 1915 piaciuto

242 1939 243 1942 ’
316 1923 419 1985 anche
443 1923 501 2005 pih
525 1923 590 1986 alla
614 1945 673 1988 sua
697 1925 820 1988 santita
848 1924 906 1988 che
930 1925 954 1987 il
978 1924 1151 1988 medesimo
1174 1944 1305 1988 vescovo
1329 1923 1357 1986 le
1382 1921 1503 1986 habbia

316 2033 480 2094 promesso
504 2013 538 2075 di
562 2014 697 2095 eseguir’
722 2035 781 2077 con
805 2015 996 2096 puntualita
1022 2020 1137 2096 questa
1160 2019 1263 2096 parte,
1289 2013 1315 2076 si
1340 2011 1503 2076 conforme

317 2101 382 2164 alla
416 2104 631 2167 convenienza
655 2111 688 2166 et
712 2104 744 2166 al
768 2104 883 2185 giusto.
921 2103 984 2168 Nel
1017 2105 1201 2167 rimancnte
1230 2103 1256 2166 si
1280 2101 1416 2166 assicuri
1439 2123 1503 2182 pur

316 2199 424 2255 vostra
457 2193 623 2256 eminenza
656 2193 704 2255 ch'
728 2193 759 2257 io
783 2215 847 2257 non
881 2193 1004 2258 lasoerb
1029 2193 1062 2255 di
1086 2193 1313 2274 corrisponder
1340 2192 1405 2256 alla
1436 2191 1502 2254 mia

315 2281 367 2344 nel
391 2284 520 2363 passar’,
545 2282 572 2346 si
597 2284 674 2345 com'
691 2283 753 2347 ella
776 2284 816 2347 m’
834 2283 965 2346 insinua
988 2284 1070 2346 tutti
1095 2283 1135 2364 gl'
1154 2282 1263 2362 ufficii,
1287 2281 1345 2346 che
1369 2281 1501 2345 stimerb

315 2371 440 2453 proprii
463 2393 521 2454 per
546 2372 647 2435 ritrar
663 2374 683 2434 a
699 2372 886 2455 monsignor
910 2374 1110 2436 arcivescovo
1130 2372 1267 2455 qualche
1283 2371 1501 2436 diminuzione

314 2459 400 2523 della
425 2467 513 2526 lassa
536 2483 594 2542 per
617 2461 651 2524 la
674 2462 856 2544 spedizione
881 2463 963 2526 delle
987 2483 1044 2525 sue
1067 2463 1160 2542 bolla,
1185 2462 1288 2526 anche
1311 2482 1368 2543 per
1392 2481 1500 2525 secon-

314 2549 383 2614 dar'
400 2550 429 2613 le
452 2572 612 2632 premnre,
636 2551 695 2614 che
718 2573 759 2615 ne
782 2558 905 2615 mostra
929 2553 949 2614 l’
976 2552 1142 2616 eminenza
1165 2557 1282 2616 vostra.

421 2639 526 2704 Roma
550 2641 654 2722 primo
678 2638 823 2723 Giugnio
850 2647 944 2706 1686.

421 2798 456 2857 (Α
475 2794 602 2846 vatikani
622 2797 805 2847 loveltarban.
825 2795 951 2848 Nuntiat.
973 2801 1063 2848 Germ.
1085 2801 1146 2848 Vol.
1166 2804 1207 2848 38.
1228 2801 1286 2848 Fol.
1307 2796 1391 2856 679l.)

827 3083 982 3150 OXOIV.

708 3252 802 3311 1696.
827 3248 1028 3330 azeptember
1056 3253 1105 3311 13.

274 3373 276 3376 >
308 3409 340 3472 A
356 3407 461 3472 romei
477 3409 623 3472 asasaoa·
640 3409 983 3563 uppoolctamle'lriropyo
999 3430 1039 3474 aa
1055 3409 1179 3492 erdelpt'
1199 3411 1382 3492 pospblcsep
1407 3407 1498 3474 betol-

790 3519 838 3563 cse
865 3521 949 3583 appe
968 3519 1019 3565 ara.

416 3657 684 3738 Eminentissimi,
709 3681 746 3723 ac
771 3661 1006 3725 reveredissimi
1032 3660 1163 3724 domini.

416 3746 591 3811 Provincia
616 3748 919 3831 Transylvaniensis
950 3751 1027 3814 licet
1052 3772 1071 3813 a
1095 3749 1222 3814 saeculo
1256 3771 1329 3814 cum
1362 3749 1496 3812 dimidio

307 3834 408 3899 luerit
432 3838 531 3900 variis
556 3839 1020 3923 vicissitudinibusoppressa,
1046 3848 1114 3904 tam
1131 3847 1264 3922 propter
1280 3838 1374 3918 bella,
1399 3860 1496 3920 quam

305 3931 440 4006 propter
466 3926 642 3991 Turcicum
665 3927 779 4010 iugum
803 3951 822 3992 a
848 3931 960 4012 paucis
986 3931 1081 3994 annis
1114 3951 1300 4008 excussum,
1334 3929 1497 3994 nihilomi-

306 4036 368 4077 nus
392 4016 581 4098 religionem
606 4018 809 4097 catholicam,
834 4020 1008 4102 praecipue
1032 4019 1067 4083 in
1092 4019 1149 4082 illa
1172 4027 1275 4102 parte,
1297 4039 1381 4102 quae
1404 4037 1497 4081 voca-

306 4110 363 4166 tur
388 4102 508 4185 Sicula,
532 4112 565 4169 et
584 4107 722 4189 sparsim
746 4109 877 4191 ubique,
902 4111 1071 4188 intactam,
1095 4107 1322 4192 illibatamque
1347 4107 1495 4172 servavit.

306 4190 391 4256 Cum
424 4202 535 4258 autem
569 4197 722 4262 moderno
756 4204 900 4280 tempore
933 4200 993 4262 sub
1034 4199 1220 4263 obedientia
1259 4199 1406 4276 caesaria,
1446 4197 1494 4260 ut'

307 4283 394 4364 regis
411 4283 614 4366 Hungariae,
630 4288 782 4366 redierit3
800 4287 911 4352 videus
928 4310 961 4354 se
980 4311 1000 4353 a
1017 4289 1197 4370 nonaginta
1213 4311 1269 4353 sex
1285 4288 1386 4352 ferme
1402 4287 1496 4352 annis

301 4374 439 4454 proprio
463 4373 656 4439 destitutam
689 4383 828 4460 pastore,
861 4379 1056 4461 supplicavit
1080 4399 1157 4442 suae
1181 4399 1348 4443 caesareae
1372 4377 1496 4458 regiae-

304 4483 371 4544 que
401 4464 574 4544 maiestati,
599 4472 769 4548 quatenus,
793 4467 890 4532 vellet
914 4468 1048 4532 eandem
1072 4469 1236 4532 consolare
1259 4465 1496 4551 praesentando

300 4553 473 4618 sanctitati
490 4575 567 4618 suae
583 4555 752 4638 proprium
777 4558 971 4642 episcopum,
996 4579 1053 4622 seu
1071 4565 1254 4641 pastorem
1279 4580 1317 4623 ac
1341 4558 1496 4622 maiestas
