3472 5494
488 431 506 468 1
530 429 651 468 uaeris
675 428 734 466 nra.
759 427 888 468 1111010111
912 427 965 466 100
987 413 1215 466 rdardrartrruz.
1381 407 1444 466 275

371 605 421 664 39.
440 599 710 664 Concludendum
740 605 798 680 est,
830 607 867 663 ut
898 599 1121 664 sanctissimus
1153 600 1302 664 dominus
1336 605 1446 664 noster

261 690 474 754 Innocentius
514 689 559 752 X.
600 690 641 753 ad
677 690 763 753 hunc
794 696 918 753 statum
952 689 1253 772 Transylvaniensis
1292 689 1445 754 dioecesis

260 787 413 862 paternos
445 785 648 843 converteret
678 779 794 858 oculos,
826 779 1020 844 misereatur
1053 779 1163 861 populi
1186 779 1221 842 in
1244 779 1387 843 tenebris
1412 787 1445 842 et

260 870 378 934 umbra
419 869 531 932 mortis
569 869 719 933 sedentis
757 869 957 932 Misereatur
987 869 1131 951 parvulis
1162 869 1380 933 clamantibus
1412 875 1444 932 et

260 958 448 1042 petentibus
473 959 639 1022 ministros
672 958 865 1040 spirituales,
891 959 948 1040 qui
971 959 1016 1022 eis
1039 959 1192 1039 frangeat
1217 979 1333 1040 panem
1358 958 1443 1022 vitae

258 1053 421 1112 aeternae.
446 1047 645 1112 Misereatur
669 1047 809 1130 denique
834 1049 927 1112 sociis
951 1047 1177 1112 laborantibus
1209 1048 1243 1110 in
1277 1048 1444 1130 piscatura

261 1138 516 1219 Transylvaniae
548 1136 708 1216 ecclesiae,
742 1137 799 1218 qui
822 1138 979 1202 accedant
1012 1137 1054 1202 ad
1081 1135 1248 1219 Ungariae
1272 1139 1443 1220 praelatos,

259 1235 297 1290 ut
321 1227 516 1290 subveniant
540 1234 573 1290 et
597 1233 790 1290 succurrant
822 1229 856 1290 in
890 1227 1077 1291 societatem
1110 1227 1241 1292 laboris.
1267 1225 1365 1312 -Opus
1393 1234 1443 1292 est

259 1317 315 1398 qui
349 1315 428 1380 eat?
465 1314 522 1380 An
556 1315 724 1398 episcopus
758 1315 1059 1400 Transylvaniensis
1093 1314 1180 1381 ibit?
1213 1316 1276 1382 Sed
1310 1324 1443 1398 accepta

258 1407 484 1470 benedictione
517 1405 634 1488 papali,
667 1405 752 1469 idest
784 1406 1029 1470 confirmatione
1054 1413 1086 1470 et
1111 1407 1352 1471 consecratione
1377 1407 1442 1489 epi·

257 1496 387 1578 scopeli.

366 1589 417 1648 40.
442 1587 493 1648 Ex
518 1585 578 1648 hac
602 1583 788 1647 sanctitatis
811 1605 888 1648 suae
912 1585 1114 1649 concessione
1129 1585 1209 1648 haec
1226 1587 1441 1649 emolumenta

256 1683 443 1756 sequentur.
479 1679 514 1737 10
534 1673 687 1756 Episcopi
716 1672 1024 1756 Transylvanienses
1057 1674 1239 1740 confirmati
1271 1681 1304 1738 et
1332 1695 1441 1738 conse-

256 1765 340 1827 crati
364 1765 467 1846 magis
499 1763 630 1828 solliciti
655 1769 761 1842 erunt,
795 1771 832 1827 ut
865 1763 1002 1828 vicarios
1040 1764 1204 1846 generales
1232 1786 1289 1829 suo
1312 1764 1440 1828 nomine

257 1864 289 1916 et
312 1853 380 1917 loco
405 1853 528 1935 eligant
561 1859 593 1916 et
625 1852 837 1933 constituant,
860 1875 899 1916 ac
923 1853 1122 1918 submittant
1145 1854 1179 1916 in
1202 1876 1294 1918 suam
1318 1854 1440 1918 dioece-

255 1943 382 2006 simin
400 1943 460 2007 hac
477 1943 576 2006 etiam
593 1963 671 2005 cura
688 1963 739 2005 eos
764 1942 922 2006 hactenus
946 1943 1178 2025 archiepiscopi
1203 1941 1440 2025 Strigonienses

255 2033 341 2096 forte
366 2033 607 2114 suppleverunt.

364 2125 406 2185 2⁰.
431 2121 631 2203 Diligentius
647 2120 865 2203 providebunt
882 2120 922 2184 de
939 2122 1171 2200 sacerdotibus,
1196 2142 1275 2202 quos
1299 2121 1333 2183 in
1353 2121 1440 2184 dioe-

255 2211 352 2273 cesim
377 2233 467 2274 suam
493 2217 562 2276 tam
587 2211 737 2292 amplam,
757 2217 789 2274 et
806 2216 856 2272 tot
878 2210 1064 2274 animarum
1087 2211 1335 2287 redundantem,
1361 2233 1439 2293 quo-

255 2299 364 2362 tannis
402 2300 517 2364 saltem
556 2301 681 2383 aliquot
720 2299 926 2363 submittant.
968 2299 1198 2383 impetrabunt
1233 2322 1252 2362 a
1284 2300 1440 2380 praelatis

254 2387 422 2471 Ungariae
446 2397 479 2453 et
503 2392 669 2471 urgebunt
693 2389 875 2468 seminaria,
900 2395 938 2452 ut
954 2389 1205 2456 subministrent
1222 2389 1331 2470 copias
1346 2390 1439 2453 auxi-

253 2478 350 2542 liares
373 2479 407 2542 in
432 2481 524 2544 vinea
545 2479 801 2561 Transylvanica
825 2479 955 2542 domini.

360 2567 403 2631 3⁰.
427 2569 655 2650 invigilabant
687 2568 837 2651 parochis
862 2575 894 2631 et
918 2567 1032 2632 ovibus
1057 2569 1123 2632 suis
1146 2589 1204 2650 per
1228 2568 1336 2632 oculos
1361 2568 1438 2631 alie-

252 2679 316 2738 nos,
337 2657 498 2740 siquidem
515 2659 578 2740 ipsi
592 2664 779 2740 praesentes
799 2659 970 2722 attendere
993 2659 1058 2722 illis
1083 2664 1256 2741 nequeant.
1281 2657 1439 2740 Religiosi

251 2749 358 2830 quoad
383 2747 443 2810 hoc
467 2770 559 2812 suam
583 2748 740 2830 episcopis
764 2769 894 2829 operam
919 2754 1074 2830 poterunt
1098 2748 1293 2830 impendere.

358 2841 409 2900 41.
439 2837 479 2901 In
505 2838 552 2900 rei
576 2837 716 2900 veritate
740 2837 862 2900 dicitur
886 2843 1109 2900 asseveranter
1142 2843 1175 2900 et
1209 2843 1257 2900 est
1281 2837 1437 2902 credibile

250 2927 414 3008 episcopos
447 2925 666 3005 Sirmiensem,
700 2925 1079 3008 Quinqueecclesiensem
1112 2933 1145 2990 et
1178 2925 1437 2991 Obanadiensem

249 3017 306 3096 qui
339 3037 412 3080 suas
446 3015 606 3080 dioeceses
638 3015 761 3080 habent
789 3016 823 3078 in
849 3015 979 3094 Turcia,
1004 3022 1037 3079 et
1060 3039 1079 3080 a
1103 3016 1177 3080 sede
1202 3016 1379 3098 apostolica
1402 3017 1436 3080 in

250 3106 415 3187 episcopos
448 3111 681 3168 consecrantur
714 3125 778 3168 non
811 3105 932 3168 habere
965 3110 1016 3169 tot
1048 3105 1219 3187 parochias
1249 3111 1281 3169 et
1306 3106 1435 3170 animas

249 3202 329 3276 quot
354 3194 453 3258 habet
477 3195 644 3276 episcopus
669 3194 989 3276 Transylvaniensis3
1014 3195 1108 3274 addc,
1132 3215 1191 3258 nec
1215 3200 1265 3260 tot
1289 3195 1436 3259 sacerdo

249 3290 306 3363 tes,
331 3305 387 3347 seu
411 3284 566 3366 parochos
591 3305 628 3346 ac
647 3285 822 3366 religiosos,
847 3284 904 3366 qui
922 3284 1097 3366 invigilant
1121 3285 1300 3348 animabus.
1334 3284 1435 3348 Deni-

251 3394 312 3454 que
345 3394 450 3456 neque
482 3379 609 3438 tautam
643 3374 906 3438 commoditatem
938 3374 1070 3453 habent,
1103 3395 1141 3441 ac
1175 3374 1361 3456 expeditam
1386 3374 1436 3438 illi

248 3463 389 3545 episcopi
421 3464 463 3526 ad
497 3485 588 3528 suam
615 3463 785 3528 dioecesim
810 3463 1106 3528 administrandam
1131 3470 1163 3528 et
1185 3464 1433 3546 procurandam,

249 3559 410 3634 quantum
433 3553 533 3618 habet
557 3553 724 3636 episcopus
759 3553 1069 3636 Transylvaniensis,
1094 3553 1121 3617 si
1144 3553 1223 3619 velit
1247 3575 1342 3617 suum
1365 3553 1434 3618 offi-

248 3642 335 3704 cium
368 3643 531 3724 pastorale
564 3643 679 3722 facere,
714 3650 746 3706 et
780 3644 904 3706 animas
937 3645 987 3707 sui
1021 3645 1225 3726 episcopatus
1254 3663 1369 3706 curare
1393 3643 1432 3707 ob

248 3731 391 3794 rationes
415 3733 540 3796 allatas.

356 3825 407 3884 42.
433 3825 470 3884 4⁰
490 3822 711 3885 Recurrentes
744 3820 785 3884 ad
810 3843 842 3885 se
867 3843 884 3885 e
909 3821 1146 3903 Transylvania
1179 3817 1281 3902 (quod
1306 3823 1434 3904 saepius

248 3905 300 3990 fit)
325 3910 510 3974 sacerdotes
530 3917 562 3974 et
581 3911 679 3975 laicos
704 3911 879 3974 catholicos
903 3911 1066 3994 excipient
1090 3913 1269 3976 consecrati
1293 3912 1434 3995 episcopi

247 3999 282 4062 in
315 4000 420 4062 sinum
454 4005 611 4082 paternae
635 4001 816 4080 charitatis,
841 4001 1105 4080 consolabuntur,
1130 4001 1258 4064 eosdem
1282 4001 1432 4084 dirigent,

248 4094 281 4150 et
305 4109 361 4169 pro
385 4109 477 4170 posse
501 4090 671 4154 iuvabunt.
702 4095 739 4152 50
768 4088 973 4172 Sperandum
999 4096 1056 4170 est,
1082 4091 1169 4173 quod
1194 4091 1334 4173 episcopi
1359 4107 1432 4156 con-

248 4179 360 4241 serati
394 4199 452 4260 pro
485 4179 545 4242 hac
581 4179 718 4244 dioecesi
750 4179 959 4244 fundationes
991 4179 1183 4244 clericorum
1211 4181 1433 4262 adaugebunt,

247 4287 321 4330 cum
345 4268 410 4330 sint
433 4269 625 4352 plerumque
648 4269 730 4332 bene
748 4269 876 4351 provisi.
898 4275 935 4332 o:
954 4268 1106 4352 Denique
1122 4270 1157 4335 in
1173 4271 1249 4334 aula
1265 4271 1433 4353 apostolici

246 4357 331 4438 regis
355 4379 413 4440 pro
438 4359 488 4421 sui
508 4357 606 4422 officii
623 4359 795 4440 pastoralis
812 4359 1012 4440 obligatione
1027 4365 1186 4440 augerent
1202 4360 1311 4424 modos
1329 4360 1432 4424 Tran-

246 4446 424 4528 sylvaniam
457 4448 492 4511 in
526 4448 753 4530 spiritualibus
784 4449 986 4530 protegendi,
1027 4449 1246 4528 conservandi,
1289 4450 1431 4532 augendi

245 4536 403 4602 Rationes
426 4539 531 4620 partis
555 4539 725 4620 negativae
749 4545 978 4622 proponuntur
1001 4546 1034 4604 et
1051 4539 1232 4632 solvuntur.

1270 4664 1318 4713 18*
