3436 5500
790 454 976 506 extruderis

851 763 912 832 VI.

733 927 826 988 1510.
850 923 985 987 februar
1010 929 1038 987 6.

288 1082 339 1148 ΙΙ.
358 1081 470 1165 (lpida
483 1085 576 1165 pcipe
591 1099 613 1146 a
622 1081 732 1164 jtsao‘c'
744 1085 936 1166 proposuca
951 1081 1049 1163 folco
1064 1101 1086 1147 a
1102 1043 1307 1166 kapparoscto
1326 1081 1475 1166 joqrtnck

433 1171 545 1238 Kassa
568 1174 728 1237 odrostrc
751 1173 877 1236 tdrtdat
900 1173 1118 1238 ritrubrtadsctt
1141 1171 1332 1256 inspersus.

397 1333 511 1398 Julius
543 1332 711 1416 episcopus
742 1354 855 1398 servus
886 1353 1053 1398 servorum
1086 1332 1157 1398 Dei.
1193 1331 1250 1400 Ad
1281 1338 1475 1418 perpetuam

288 1423 353 1487 Dei
385 1423 645 1489 memoriam...
679 1421 766 1488 Sane
797 1445 856 1506 pro
888 1429 982 1506 parte
1015 1423 1210 1488 venerabilis
1234 1422 1348 1490 fratris
1371 1421 1476 1486 nostri

286 1509 431 1594 Georgii
448 1513 588 1596 episcopi
608 1509 964 1594 Quinqueecclesiensis
979 1518 1013 1578 et
1030 1513 1224 1584 dilectorum
1239 1511 1381 1576 filiorum
1400 1533 1476 1576 con-

287 1602 396 1668 sulum
434 1602 547 1684 oppidi
585 1601 811 1682 (lassoviensis,
844 1601 1018 1684 Agriensis
1057 1601 1200 1681 diocesis,
1239 1623 1344 1684 nuper
1382 1601 1475 1666 nobis

287 1691 435 1756 exhibita
468 1692 587 1775 peticio
621 1691 821 1771 continebat,
854 1692 942 1774 qued
970 1692 1051 1758 alias
1073 1692 1261 1756 carissimus
1283 1692 1318 1754 in
1343 1689 1475 1756 Christo

287 1780 375 1845 filius
398 1788 510 1846 noster
533 1780 738 1846 Wladislaus
761 1781 935 1862 Huugaric
959 1803 1018 1846 rex
1040 1781 1187 1862 illustris,
1215 1780 1348 1864 provide
1372 1780 1475 1846 censi·

288 1871 409 1936 deraus
432 1871 519 1952 quod
543 1871 741 1949 monasterii,
765 1892 823 1954 per
839 1871 1040 1954 prepositum
1057 1871 1237 1954 gubernari
1253 1871 1350 1950 soliti,
1369 1871 1475 1934 saneti

285 1959 313 2024 J
314 1960 451 2024 ohannis
484 1960 524 2025 de
546 1959 573 2025 J
574 1981 675 2026 assow
707 1959 932 2027 (listeroieusis
964 1959 1042 2041 (sio)
1073 1960 1207 2040 ordinis,
1241 1959 1475 2042 strigoniensis

288 2049 434 2131 diocesis,
466 2050 589 2133 partim
611 2071 809 2134 parmenus
837 2056 1010 2134 potentum
1033 2057 1067 2114 et
1090 2051 1250 2116 nobilium
1273 2049 1418 2114 desolata
1442 2056 1476 2112 et
1575 2109 1581 2118 .

286 2147 455 2223 occupata,
486 2140 610 2224 partim
641 2161 716 2204 vero
748 2147 883 2223 propter
914 2141 1154 2224 prepositorum
1187 2147 1220 2204 et
1245 2139 1474 2204 canonicorum

286 2229 389 2312 ipsius
421 2229 610 2294 monasterii
641 2231 786 2295 vitame
817 2230 972 2312 religiono
1004 2229 1145 2296 alienam
1179 2229 1338 2294 distracta
1370 2235 1474 2308 erant,

287 2319 337 2382 ita
360 2325 398 2382 ut
421 2320 655 2384 monasterium
688 2319 795 2402 ipsum
823 2321 1002 2402 plurimum
1024 2320 1059 2384 in
1083 2318 1311 2403 spiritualibus
1335 2323 1369 2382 et
1392 2325 1474 2382 tem-

287 2408 456 2492 poralibus
496 2408 715 2472 deformatum
757 2409 921 2488 existeret,
959 2416 992 2473 et
1030 2409 1118 2474 illius
1156 2408 1404 2474 consuetudines
1436 2427 1474 2472 ac

217 2521 220 2532 ’
286 2503 415 2562 statuta
437 2497 507 2562 iere
529 2497 562 2562 in
588 2498 833 2564 desuetudinem
856 2498 1031 2578 abiisseut;
1064 2521 1102 2564 ac
1127 2497 1214 2580 quod
1240 2497 1475 2562 monasterium

288 2587 403 2670 ipsum,
427 2586 516 2669 quod
539 2587 627 2652 dicte
651 2587 769 2671 oppido
794 2587 997 2654 Oassoriensi
1020 2587 1241 2671 propinquum
1265 2587 1387 2666 existit,
1402 2607 1474 2670 pre-

286 2677 370 2742 sidio
394 2676 574 2741 incolarum
597 2677 700 2760 ipsius
723 2678 843 2760 oppidi,
875 2678 932 2760 qui
966 2678 1008 2742 ad
1041 2678 1129 2742 illius
1157 2677 1398 2761 preposituram
1422 2697 1475 2740 eos

287 2788 308 2830 a
330 2765 450 2848 quibus
473 2767 581 2848 ipsum
603 2767 837 2832 monasterium
862 2767 1038 2832 salubriter
1054 2767 1125 2849 regi
1141 2788 1179 2830 ao
1194 2767 1229 2830 in
1246 2766 1474 2849 spiritualibus

286 2860 322 2919 et
345 2856 579 2938 temporalibus
604 2857 782 2922 salubriter
815 2857 993 2940 gubernari
1026 2864 1205 2940 sperarent,
1238 2862 1474 2939 promoverent,
1505 2885 1510 2888 ·

288 2944 432 3010 feliciora
475 2945 637 3028 suscipere
669 2947 791 3010 valeret
830 2947 1040 3026 incrementa,
1079 2968 1118 3012 ac
1149 2947 1282 3030 cupiens
1315 2967 1356 3010 ne
1388 2947 1474 3010 bona

287 3034 475 3100 huiusmodi
498 3037 687 3100 monasterii
711 3036 906 3116 huiusmodi,
939 3036 1037 3102 semel
1060 3035 1130 3101 Deo
1161 3036 1280 3114 dicata,
1313 3035 1474 3120 paulatim

287 3124 434 3190 indebite
457 3133 705 3207 occuparentur,
722 3125 778 3190 sed
802 3127 898 3190 utin
922 3147 958 3190 eo
981 3126 1142 3208 regularis
1166 3126 1336 3208 discipline
1360 3145 1474 3188 norma

287 3221 475 3278 servaretur
498 3213 685 3294 salubriter,
708 3215 845 3298 proinde
868 3237 902 3279 se
924 3217 976 3298 jus
1000 3221 1196 3298 patronatus
1213 3221 1246 3280 et
1261 3214 1475 3298 presentaudi

287 3324 460 3386 personam
481 3304 632 3369 idoneam
656 3305 699 3369 ad
722 3305 962 3387 preposituram
985 3305 1176 3388 predictam,
1201 3305 1354 3388 quociens
1371 3309 1474 3383 vacat,

287 3414 345 3457 seu
368 3394 471 3458 eciam
493 3393 714 3458 constituendi
739 3401 773 3458 et
795 3393 978 3477 deputandi
1001 3395 1035 3458 in
1067 3395 1123 3458 illo
1155 3395 1357 3478 prepositum
1389 3395 1474 3460 eius-

287 3483 363 3546 dem
394 3482 518 3546 ordinis
550 3483 690 3565 probum
721 3490 755 3547 et
785 3483 946 3563 idoneum,
980 3485 1073 3548 cuius
1097 3484 1247 3549 doctrina
1272 3490 1305 3548 et
1328 3483 1473 3566 exemplo

288 3571 376 3636 illius
398 3571 550 3636 monachi
574 3572 634 3636 sub
658 3573 771 3638 debite
795 3574 956 3654 regularis
972 3573 1142 3656 discipline
1158 3572 1368 3638 observauoia
1383 3572 1473 3636 altis-

288 3661 369 3726 simo
387 3662 543 3726 famulari
565 3668 705 3745 possent,
723 3661 765 3726 ad
781 3663 888 3746 ipsum
903 3684 1023 3743 regem,
1047 3685 1086 3727 ex
1102 3663 1271 3746 privilegio
1288 3663 1473 3746 apostolico,

287 3752 341 3818 eui
365 3751 523 3816 hactenus
545 3750 580 3816 in
604 3751 716 3834 aliquo
739 3752 933 3834 derogatum
957 3774 1020 3818 non
1045 3759 1104 3832 est,
1126 3753 1302 3835 pertinens,
1331 3749 1474 3834 Georgio

288 3841 436 3924 episcopo
462 3841 569 3924 quoad
592 3841 719 3921 vixerit,
744 3848 776 3906 et
799 3848 873 3924 post
894 3843 963 3906 eius
980 3843 1107 3907 obitum
1124 3843 1311 3907 consulibus
1326 3842 1473 3923 prefatis,

288 3935 368 3993 tunc
392 3937 426 3994 et
448 3952 507 4013 pro
531 3937 680 4013 tempore·
700 3931 924 4013 existentibus,
954 3937 1110 4015 perpetuo
1134 3953 1214 4014 pure
1238 3930 1316 4011 (sic)
1341 3931 1474 3996 donavit

287 4025 322 4082 et
345 4021 510 4100 concessit,
535 4025 633 4103 prout
656 4021 691 4086 in
716 4021 912 4103 quibusdam
936 4022 1037 4104 ipsius
1061 4021 1147 4104 regis
1170 4022 1362 4104 patentibus
1384 4021 1473 4084 litte-

287 4108 334 4171 ris
358 4108 496 4192 desuper
520 4109 674 4175 coulectis
697 4110 826 4193 plenius
841 4110 965 4176 dicitur
981 4111 1150 4175 contineri.
1176 4109 1286 4193 Quare
1304 4132 1363 4194 pro
1379 4116 1473 4194 parte

287 4198 429 4282 episcopi
453 4207 486 4264 et
510 4199 678 4265 consulum
701 4201 924 4282 predictorum
947 4200 1041 4265 nobis
1063 4201 1130 4264 fuit
1153 4200 1322 4265 humiliter
1350 4200 1471 4284 suppli-

286 4294 408 4367 catum,
431 4295 469 4353 ut
493 4289 664 4354 donacioni
688 4296 721 4353 et
745 4290 940 4354 concessioni
964 4291 1046 4373 juris
1065 4297 1260 4373 patronatus
1277 4289 1474 4370 huiusmodi,

287 4399 346 4460 pro
368 4378 501 4442 illarum
524 4379 739 4444 subsistencia
763 4379 909 4459 firmiori,
931 4381 1032 4444 robur
1055 4380 1230 4463 apostolice
1254 4379 1474 4444 confirmacio-

289 4469 339 4531 nis
362 4468 511 4548 adiicere,
536 4468 674 4552 aliisque
698 4469 732 4532 in
755 4470 919 4552 premissis
943 4477 1126 4554 opportune
1152 4470 1322 4553 providere
1341 4469 1380 4533 de
1396 4491 1473 4552 apo-

286 4557 401 4622 stolica
425 4557 625 4622 auctoritate
649 4558 869 4641 dignaremur.
