3454 5492
450 471 466 510 11
491 469 612 510 mauvia
636 469 695 510 1111.
720 469 848 512 aravum
872 469 923 510 roo
948 456 1175 511 rbuvnvmlmm.
1359 447 1399 509 67

220 641 344 708 Datum
368 692 376 708 .
400 693 407 708 .
431 692 438 707 .
471 644 554 708 feria
579 644 721 710 secunda
743 645 891 727 proxima
914 649 987 728 post
1009 644 1129 708 testum
1154 643 1242 708 beati
1266 640 1400 724 Georgii

220 733 366 798 martiris
399 754 484 798 anno
508 733 631 798 domini
655 734 824 799 millesimo
849 733 1108 817 quingentesimo
1135 735 1248 815 primo.

325 871 765 944 11111111-11111111111111111111ςί
786 874 967 928 leveltarban.
988 882 1030 926 26,
1050 891 1142 942 capsa,
1160 877 1201 936 Q.)

778 1131 835 1196 LI.

669 1278 763 1338 1501.
787 1275 893 1356 majus
919 1279 947 1337 6.

216 1416 267 1482 ΙΙ.
294 1415 424 1483 (1111111
445 1415 643 1497 1111111111,
666 1417 751 1502 boqy
775 1415 1059 1498 apavzaoahoao·
1074 1415 1301 1482 moaosrorboa
1319 1436 1401 1500 mog-

218 1511 331 1572 tartolt
354 1507 517 1572 1111111111
540 1507 638 1572 rendi
660 1509 775 1591 pycta
798 1508 878 1572 111111
894 1507 1030 1571 11111111
1045 1528 1066 1572 1
1081 1506 1214 1590 orpora
1232 1505 1400 1590 1111111111

216 1595 387 1680 1111111111
411 1595 599 1679 felajr'trtrctt
623 1599 728 1662 111111
751 1596 1007 1679 reudsaubdlyok
1030 1594 1399 1680 foqaoutosr'ttcsscoalc.

324 1741 528 1806 Wladislaus
560 1741 623 1806 Dei
656 1741 768 1825 gracia
801 1763 858 1806 rex
890 1740 1065 1824 Hungarie
1093 1747 1126 1806 et
1151 1741 1314 1820 Bohemic,
1340 1747 1399 1805 etc.

216 1829 367 1896 fidelibus
390 1831 510 1896 nostris
543 1833 700 1896 universis
733 1837 766 1896 et
799 1832 936 1914 singulis
969 1831 1145 1897 abbatibus
1180 1837 1212 1895 11
1246 1830 1400 1896 abbacias

216 1921 415 2002 tenentibus,
446 1923 512 1986 sive
545 1923 766 2002 conventibus,
798 1928 858 1986 aut
889 1921 1100 2004 prioratibus,
1132 1921 1239 1985 ubivis
1272 1922 1306 1984 in
1339 1921 1400 1985 hoc

215 2033 315 2094 regno
339 2018 450 2076 nostro
474 2011 649 2094 Hungarie
663 2019 696 2078 11
714 2012 866 2096 partibus
883 2011 986 2076 eidem
1002 2011 1158 2076 subiectis
1175 2010 1399 2092 existentibus,

215 2108 382 2183 presentes
406 2101 523 2166 visuris
546 2102 686 2167 salntem
710 2107 744 2166 et
768 2102 920 2185 graciam.
954 2102 1007 2164 Ex
1039 2101 1162 2165 litteris
1186 2101 1307 2165 nostris
1331 2107 1400 2164 1111

215 2212 301 2256 1111
324 2191 470 2276 proxime
494 2193 610 2276 elapsu,
625 2215 724 2275 quam
743 2192 846 2258 eciam
862 2212 967 2275 nuper
983 2191 1026 2257 ad
1042 2191 1223 2274 capitulum
1240 2190 1399 2274 generale,

215 2283 249 2344 in
283 2282 479 2347 monasterio
512 2284 617 2348 sancti
642 2282 783 2346 Martini
815 2282 900 2346 sacri
924 2281 1043 2346 montis
1066 2281 1235 2345 Pannonio
1258 2282 1291 2344 in
1315 2281 1399 2344 festo

215 2371 304 2436 beati
328 2370 463 2454 Georgii
488 2373 634 2437 martiris
654 2373 799 2457 proxime
822 2371 981 2456 preterito
1005 2371 1215 2452 celebratum,
1240 2371 1399 2435 emanatis

216 2462 389 2544 superinde
414 2484 471 2544 per
494 2485 552 2527 nos
576 2468 609 2526 11
633 2462 939 2528 reverendissimum
962 2461 1129 2526 dominum
1145 2461 1283 2526 Petrum
1299 2460 1399 2543 Regi-

216 2573 295 2615 num
318 2551 518 2617 cardinalem
542 2557 575 2617 et
600 2553 639 2616 de
662 2553 765 2618 latere
789 2553 943 2633 legatum,
968 2553 1167 2616 auctoritate
1192 2572 1252 2615 sua
1277 2573 1342 2634 qua
1366 2551 1399 2614 in

214 2641 274 2706 hoc
298 2662 398 2724 regno
422 2642 516 2723 iungi
540 2643 730 2723 dinoscitur,
762 2642 947 2724 intelligere
969 2641 1132 2725 potuistis,
1166 2641 1309 2723 qualiter
1342 2663 1399 2706 nos

214 2753 323 2796 omues
356 2731 510 2796 abbacias
543 2731 715 2797 reformari
742 2739 776 2797 et
803 2732 942 2816 pristino
965 2733 1068 2797 statui
1092 2732 1267 2796 restituere
1290 2731 1399 2795 decre-

214 2822 327 2885 vimus.
351 2821 420 2886 Nos
443 2822 556 2904 itaque
579 2823 666 2905 ipsas
689 2823 818 2887 litteras
842 2824 877 2886 in
901 2823 1010 2904 vigore
1034 2822 1257 2904 relinquentes
1276 2827 1309 2884 ct
1326 2821 1399 2884 red-

215 2912 336 2992 dentes,
370 2917 403 2975 et
426 2912 533 2995 ipsum
566 2913 747 2994 capitulum
779 2913 981 2978 celebratum
1014 2917 1048 2976 et
1076 2917 1205 2976 statuta
1228 2912 1261 2975 in
1286 2911 1398 2975 eodem

215 3001 304 3066 edita
335 3023 395 3083 pro
426 3007 500 3066 rato
532 3001 698 3082 habentes,
733 3003 848 3066 damus
881 3001 1113 3067 auctoritatem
1145 3007 1178 3066 et
1205 3001 1398 3065 facultatem

214 3091 440 3156 visitatoribus
464 3091 499 3154 in
522 3091 666 3174 capitulo
690 3091 810 3170 electis,
826 3092 921 3156 iuxta
944 3113 1057 3158 eorum
1081 3096 1217 3172 statuta,
1232 3092 1398 3154 universas

214 3181 369 3246 abbacias
392 3181 548 3246 visitandi
571 3188 606 3246 11
629 3181 749 3246 iratres
772 3183 979 3265 corrigendos
1002 3181 1196 3264 corrigendi,
1221 3187 1254 3245 et
1277 3202 1398 3262 eorum,

215 3272 271 3355 qui
295 3271 505 3354 proprietarii
528 3278 615 3351 sunt,
647 3272 756 3336 omnia
779 3273 865 3337 bona
887 3272 1022 3339 mobilia
1049 3277 1082 3335 et
1115 3271 1295 3336 immobilia
1327 3271 1398 3335 auf-

214 3361 349 3437 lerendi,
372 3369 578 3426 contumaces
602 3368 635 3426 11
658 3362 795 3427 rebelles
819 3369 887 3426 tam
912 3361 1092 3445 temporali,
1116 3383 1214 3444 quam
1233 3361 1398 3445 spirituali

213 3473 297 3534 pena
329 3451 372 3515 ad
405 3451 528 3517 ordinis
560 3453 803 3517 observanciam
836 3453 1014 3519 coercendi.
1046 3449 1156 3534 Quare
1189 3452 1336 3516 volumus
1365 3457 1398 3514 et

213 3541 367 3606 fidelitati
391 3547 496 3606 vestre
520 3542 637 3606 harum
661 3543 744 3606 serie
768 3542 953 3608 firmissime
978 3542 1211 3607 committimus
1243 3548 1276 3606 et
1307 3563 1398 3605 man-

214 3631 337 3712 damus,
371 3631 527 3714 quatinus
559 3633 700 3715 acceptis
733 3633 948 3714 presentibus,
973 3633 1050 3696 dum
1074 3638 1107 3697 11
1132 3632 1263 3714 quando
1286 3631 1398 3696 visita-

214 3729 300 3786 tores
325 3722 366 3785 ad
390 3743 445 3786 vos
469 3727 502 3785 et
525 3721 559 3786 in
582 3722 727 3787 medium
750 3722 850 3787 vestri
874 3723 1092 3805 pervenerint,
1117 3723 1245 3786 eosdem
1268 3721 1397 3786 honori-

213 3811 281 3892 fice,
305 3812 483 3876 secundum
507 3811 630 3876 ordinis
653 3818 789 3893 statuta,
822 3819 1001 3896 acceptare,
1034 3819 1135 3894 atque
1168 3833 1214 3892 ea,
1248 3833 1311 3894 que
1340 3835 1398 3895 pro

212 3901 336 3966 ordinis
368 3901 601 3966 reformacioue
640 3902 785 3982 fecerint,
824 3903 940 3985 exequi
978 3903 1168 3986 permittere
1207 3908 1239 3966 et
1278 3901 1398 3966 eisdem

213 3993 439 4074 obtemperare
454 4013 512 4075 per
528 3992 636 4057 omnia
652 3991 807 4072 debeatis,
818 3992 878 4058 sub
892 4013 976 4076 pena
992 4015 1051 4076 per
1067 3991 1194 4056 eosdem
1210 3991 1397 4075 infligenda.

212 4081 299 4146 Nam
333 4081 479 4164 alioquin
513 4082 731 4146 commisimus
764 4089 796 4147 et
820 4083 1027 4165 presentibus
1050 4081 1198 4146 strictius
1221 4083 1397 4146 committi·

212 4193 284 4237 mus
307 4171 458 4236 fidelibus
481 4172 600 4236 uostris
624 4172 806 4253 comitibus,
831 4173 882 4236 vel
905 4172 1150 4236 vicecomitibus
1175 4177 1210 4235 et
1233 4172 1397 4238 iudicibus

212 4261 370 4327 nobilium
394 4261 526 4327 illorum
550 4262 774 4342 comitatuum,
804 4263 837 4326 in
863 4263 982 4345 quibus
1005 4263 1102 4326 aliter
1125 4261 1233 4326 facere
1258 4267 1397 4346 attemp-

212 4352 364 4432 taverint,
388 4358 426 4416 ut
449 4350 512 4433 ipsi
535 4351 613 4434 ipsis
637 4352 863 4417 visitatoribus
895 4353 981 4416 omni
1006 4353 1194 4417 assistencia
1218 4358 1250 4415 11
1274 4353 1396 4417 auxilio

212 4441 323 4507 adesse
357 4441 499 4507 debeant
531 4449 564 4506 et
597 4447 783 4523 teneantur,
815 4443 1014 4507 auctoritate
1047 4448 1159 4506 nostra
1191 4443 1397 4524 presentibus

212 4532 290 4615 ipsis
313 4532 346 4596 in
364 4532 425 4596 hac
448 4537 542 4616 parte
558 4533 724 4598 attributa
747 4533 920 4616 mediante.
946 4530 1051 4596 Aliud
1075 4553 1152 4613 ergo
1175 4534 1282 4596 facere
1305 4534 1397 4596 nulla

212 4623 342 4688 racione
358 4623 618 4708 presumpmatis,
642 4623 848 4706 presentibus
872 4623 1023 4707 perlectis
1040 4622 1206 4687 exhibenti
1224 4622 1394 4688 restitutis.

1253 4752 1284 4798 5ss
