3436 5500
448 435 467 473 Α
491 434 611 473 macras
635 435 693 472 mn.
718 433 849 472 auorum
872 432 925 471 Joe
948 419 1175 472 rbnrtrmtuaz.
1367 411 1407 469 37

223 607 296 672 auri
320 655 327 669 .
352 656 358 670 .
383 657 390 670 .
413 605 555 670 valorem
579 655 586 668 .
611 655 617 668 .
642 654 648 668 .
674 626 738 669 non
762 604 932 682 excedunt,
957 654 963 668 .
987 653 994 667 .
1019 652 1025 666 .
1050 603 1177 686 prelato
1195 603 1326 681 Thema,
1351 624 1407 666 au·

223 697 379 762 ctoritate
402 703 523 774 nostra,
556 695 705 760 conferas
729 702 762 758 et
785 694 1000 776 assignes...
1026 693 1150 757 Datum
1176 692 1336 758 Fabriani
1353 742 1359 756 .
1377 740 1407 754 ..

222 808 308 851 anno
324 835 330 849 .
348 835 378 849 ..
404 785 573 849 millesimo
598 785 920 867 quadringentesimo
945 790 978 847 et
1001 783 1278 866 quinquagesimo,
1302 782 1407 864 pridie

223 877 380 941 kalendas
403 873 560 957 Augusti,
586 895 671 939 anno
698 880 823 957 quarte.

332 1036 367 1093 (A
386 1031 514 1084 vatikdni
533 1030 714 1083 leve‘ltarban.
741 1034 766 1082 A
785 1029 902 1083 Dataria
919 1029 1066 1083 bullainak
1084 1029 1269 1098 regestaiban.
1298 1029 1406 1082 Nicolai

222 1109 254 1158 V.
273 1109 371 1156 Annus
389 1108 436 1157 IV.
456 1103 541 1156 Liber
559 1107 581 1155 Ι.
600 1101 637 1166 Β,
660 1101 678 1156 f.
699 1107 770 1165 275.)

752 1373 874 1438 XXX.

638 1539 733 1600 1451.
758 1536 916 1600 marozius
941 1541 991 1600 27.

222 1697 390 1780 Hcaycdi
416 1697 524 1761 Jdoos
551 1697 753 1780 lrormdayro'
781 1701 813 1760 e's
843 1717 884 1760 aa
908 1699 1140 1780 orszdptondcs
1170 1695 1406 1780 fclycmcdnclc

227 1789 260 1852 V.
285 1787 406 1851 Milclc's
425 1785 588 1866 pdpdboa,
616 1785 701 1870 bopy
725 1807 745 1852 o
769 1786 889 1851 ddnro‘si
909 1789 1131 1869 praepostsdpot
1155 1787 1266 1850 dllttsc
1290 1787 1405 1868 cissam,

221 1897 243 1942 c
266 1877 366 1942 dodoi
389 1875 516 1940 cdrboa
540 1876 580 1958 cij
599 1879 822 1960 prepostscipot
844 1877 1015 1950 le'tesr‘tsec,
1031 1897 1047 1940 s
1063 1897 1083 1952 c
1101 1877 1197 1940 letter
1221 1881 1404 1960 apposita-eb
1499 1939 1501 1943 .

508 1966 752 2048 odonrdayoaac
777 1965 898 2030 Bulbos
921 1966 1119 2030 Istvdocolc.

330 2127 524 2192 Beatissime
547 2133 650 2209 pater.
684 2126 820 2191 Dudum
844 2128 945 2192 felicis
971 2127 1209 2192 recordacionis
1236 2127 1404 2209 Eugenius

221 2237 306 2299 papa
331 2223 478 2298 quartus,
511 2217 554 2281 ad
585 2217 859 2300 supplicacionem
892 2218 979 2282 clare
1011 2217 1164 2280 memorie
1203 2216 1405 2299 Sigismundi

220 2307 444 2370 Romanorum
468 2307 673 2389 imperatoris
699 2327 737 2371 ac
760 2306 935 2388 Hungarie
963 2313 1023 2371 etc.
1047 2306 1141 2389 regis,
1167 2307 1345 2370 secularem
1372 2315 1404 2372 et

220 2395 338 2461 habitu
363 2394 439 2474 (sic)
462 2397 667 2478 collegiatam
691 2396 868 2478 ecclesiam,
899 2398 1138 2480 preposituram
1172 2404 1403 2478 nuncupatam,

221 2485 316 2550 beate
332 2485 522 2568 Margarete
539 2487 578 2550 de
594 2487 733 2551 Demeso
743 2485 995 2570 Vesprimiensis
1011 2486 1154 2566 diocesis,
1167 2486 1404 2568 jurisdictionis

221 2596 296 2638 vero
320 2575 564 2657 metropolitani
588 2575 830 2658 Strigoniensis
858 2577 892 2639 in
916 2576 1149 2640 monasterium
1172 2577 1403 2640 monachorum

222 2664 461 2729 Montisoliveti
485 2665 608 2730 ordinis
634 2667 739 2731 sancti
765 2665 945 2745 Benedicti,
978 2673 1067 2730 certo
1082 2667 1085 2672 ’
1100 2686 1196 2748 super
1219 2665 1279 2731 hoc
1302 2667 1404 2750 judici

220 2753 388 2837 deputato,
421 2776 591 2838 suppresso
624 2755 707 2820 inibi
741 2756 839 2819 titulo
870 2756 1082 2838 prepositure,
1116 2755 1197 2838 erigi
1227 2755 1403 2820 mandavit.

222 2841 288 2925 Qui
318 2845 425 2927 judex,
459 2845 568 2926 vigore
592 2845 740 2910 mandati
767 2845 990 2910 huiuscemodi
1015 2846 1056 2909 ad
1081 2845 1306 2910 execucionem
1330 2867 1403 2928 pro-

220 2933 346 3012 cedens,
380 2934 515 2998 titulum
547 2935 733 3017 predictum
765 2935 953 3018 suppressit,
989 2935 1137 3016 inibique
1170 2935 1402 3000 monasterium

221 3024 335 3102 erexit,
359 3031 459 3106 atque
482 3023 587 3088 eidem
611 3025 651 3088 de
674 3025 796 3090 abbate
818 3024 970 3106 providit.
987 3025 1033 3088 Et
1056 3025 1302 3107 subsequenter,
1327 3046 1403 3089 cau-

220 3113 370 3178 santibus
395 3113 536 3178 sinistris
559 3114 761 3180 successibus
785 3114 873 3178 illius
897 3114 999 3198 regni,
1031 3122 1165 3196 propter
1198 3114 1278 3178 dicti
1304 3112 1403 3198 Sigis-

220 3204 335 3267 mundi
367 3203 573 3286 imperatoris
606 3211 638 3268 et
671 3203 812 3268 aliorum
844 3225 959 3286 regum
992 3205 1168 3268 successive
1201 3210 1336 3268 mortem
1370 3213 1402 3270 et

220 3292 405 3375 aliquorum
430 3293 546 3358 deinde
570 3295 729 3359 abbatum
753 3294 841 3357 illius
866 3293 928 3357 loci
961 3294 1136 3372 decessum,
1169 3295 1402 3358 monasterium

220 3383 327 3464 ipsum
351 3383 384 3446 in
408 3383 662 3465 possessionibus
696 3389 729 3448 et
762 3384 856 3448 bonis
888 3383 954 3448 suis
988 3384 1228 3467 quamplurima
1261 3384 1402 3466 dampna

219 3479 253 3536 et
285 3473 430 3552 jacturas
469 3474 619 3556 suscepit,
659 3480 691 3538 et
724 3495 744 3538 a
775 3473 941 3537 monachis
974 3472 1075 3556 ipsius
1107 3473 1230 3537 ordinis
1263 3473 1402 3556 denique

220 3583 353 3642 prorsus
378 3563 571 3626 derelictum
594 3562 667 3626 fuit.
692 3561 745 3627 Ac
769 3563 900 3627 demum
923 3564 1081 3628 sanctitas
1097 3568 1205 3627 vestra
1228 3562 1268 3626 de
1291 3584 1402 3627 mona-

220 3653 319 3716 sterio
352 3653 429 3734 ipsc,
468 3673 526 3734 per
563 3652 689 3716 obitum
724 3653 831 3716 ultimi
864 3654 965 3734 ipsius
997 3653 1129 3717 abbatis
1154 3659 1233 3716 tunc
1257 3660 1401 3730 vacante,

219 3739 334 3805 devoto
358 3742 545 3806 sanctitatis
568 3748 674 3806 vestre
704 3742 803 3806 fratri
827 3741 1005 3807 Valentino
1029 3742 1205 3806 Laurencii
1229 3741 1269 3806 de
1293 3741 1401 3826 (lapus

219 3831 343 3895 ordinis
376 3832 481 3895 sancti
515 3830 611 3894 Pauli
643 3833 741 3914 primi
774 3832 930 3896 heremite
959 3831 1132 3914 professori
1158 3839 1190 3895 et
1215 3833 1402 3896 sanctitatis

219 3928 324 3984 vestre
347 3921 581 4003 penitenciario
606 3927 638 3984 et
662 3922 828 4004 capellano
852 3927 944 3984 motu
967 3923 1098 4004 proprio
1131 3921 1281 4004 providit,
1315 3923 1401 3985 ordi-

220 4031 293 4074 nem
327 4010 551 4075 Montisolveti
584 4012 666 4074 inibi
698 4011 937 4094 supprimendo,
971 4018 1003 4075 et
1027 4012 1133 4094 ipsum
1161 4011 1194 4074 in
1219 4012 1401 4092 prioratum

220 4099 299 4163 dicti
323 4101 446 4164 ordinis
470 4101 575 4164 sancti
600 4100 696 4164 Pauli
720 4100 905 4165 huiusmodi
930 4101 1083 4182 erigendo
1106 4107 1139 4164 et
1163 4101 1401 4180 commutando,

218 4197 317 4272 prout
341 4191 399 4254 hec
422 4191 530 4253 omnia
553 4191 587 4253 in
611 4190 733 4254 litteris
756 4191 943 4272 apostolicis
967 4195 999 4253 et
1023 4191 1251 4254 instrumentis
1277 4199 1309 4254 et
1329 4213 1401 4273 pro-

217 4279 362 4343 cessibus
395 4279 477 4360 aliis,
517 4301 655 4362 quorum
688 4281 832 4344 omnium
865 4287 1010 4344 tenorem
1042 4280 1249 4362 presentibus
1281 4281 1400 4346 habere

218 4368 345 4451 placeat
378 4391 437 4452 pro
470 4390 627 4451 expresso,
660 4370 786 4451 plenius
819 4371 1014 4434 continetur.
1048 4368 1131 4435 (lum
1164 4376 1274 4433 autem
1307 4379 1400 4452 pater

217 4465 338 4537 sancte,
357 4459 505 4540 prefatus
516 4458 712 4524 Valentinus
732 4459 857 4523 dictum
880 4459 1063 4542 prioratum
1087 4480 1143 4523 seu
1168 4461 1400 4524 monasterium

216 4548 412 4629 huiusmodi,
437 4570 475 4612 ex
500 4551 597 4612 certis
620 4550 872 4636 rationabilibus
896 4549 1010 4629 causis,
1030 4556 1063 4613 et
1086 4550 1226 4614 maxime
1250 4549 1290 4612 ob
1315 4570 1399 4613 ccm-
