3436 5500
460 441 478 478 a
503 441 624 478 maenaa
647 441 705 478 ara.
727 439 859 478 unarum
883 439 936 478 Joo
960 426 1186 478 roarnuarv'ennz.
1394 419 1410 476 l

230 611 403 676 commodis
420 617 452 675 et
472 611 674 676 utilitatibus
689 611 815 675 intente
833 610 1004 694 invigilare
1021 616 1199 690 teneamur,
1223 609 1310 673 inter
1335 630 1412 691 quo·

230 723 303 764 rum
335 708 500 782 catervam
539 701 827 765 animadvertendo
860 706 983 764 statum
1016 699 1316 774 ecclesiasticarum,
1355 709 1415 763 se'u

230 792 430 873 regularium
464 812 686 872 personarum,
718 791 890 872 presertim
924 789 1082 854 abbatum
1116 795 1148 853 et
1181 789 1415 852 monachorum

229 881 353 944 ordinis
393 882 497 944 sancti
536 880 708 946 Benedicti
748 879 969 962 quorumlibet
1009 879 1279 943 monasteriorum
1319 877 1413 960 regni

229 971 341 1052 nostri,
374 971 432 1052 qui
465 971 552 1034 inter
585 975 767 1034 ceterorum
801 969 951 1034 ordinum
977 968 1149 1034 monachos
1174 989 1211 1032 ao
1236 969 1355 1032 fratres
1378 967 1415 1030 in

229 1061 297 1141 ipso
320 1081 420 1142 regno
443 1061 659 1142 augmentati,
691 1060 776 1124 sicut
800 1058 898 1123 iubar
921 1059 1076 1124 salutaris
1100 1057 1232 1122 luminis
1256 1057 1351 1139 vulgo
1376 1071 1413 1120 ac

229 1149 346 1231 populo
370 1150 517 1229 seculari,
551 1156 588 1213 ut
612 1153 646 1214 in
670 1149 879 1214 rectitudinis
903 1149 954 1212 via
981 1154 1014 1212 et
1041 1149 1112 1212 luce
1144 1147 1308 1230 procedat,
1341 1167 1414 1230 pre·

230 1240 317 1302 clara
345 1240 484 1320 prebent
516 1239 663 1322 exempla
686 1246 720 1302 et
742 1238 985 1322 regularissima
1009 1237 1180 1302 devocione
1209 1237 1319 1300 divina
1343 1235 1414 1302 offi-

229 1329 279 1390 cia
303 1329 491 1411 complendo
514 1333 686 1411 peragunt,
710 1349 774 1392 non
798 1329 899 1392 eciam
925 1328 1152 1410 castrimargia
1178 1333 1236 1390 aut
1260 1327 1414 1391 illecebra

229 1419 372 1500 ipsorum
395 1419 542 1500 regulam
566 1419 739 1500 inquinare
763 1419 902 1498 videtur,
939 1417 994 1482 sed
1019 1417 1178 1482 celibatus
1202 1422 1235 1480 et
1258 1416 1414 1498 parsimo-

230 1509 284 1571 nia
308 1529 365 1590 pre
389 1514 422 1571 et
446 1529 519 1572 cum
539 1509 655 1573 ceteris
674 1507 835 1572 virtutum
860 1507 1009 1590 insigniis
1033 1507 1180 1571 ordinem
1200 1527 1311 1570 eorum
1335 1505 1415 1569 adeo

230 1597 438 1680 solempniter
471 1598 624 1662 decorare
649 1603 840 1678 cernuntur,
863 1597 950 1680 quod
974 1617 1031 1661 nos
1055 1597 1097 1660 ad
1122 1595 1265 1660 eiusdem
1290 1595 1414 1658 ordinis

229 1695 261 1750 et
286 1688 516 1752 monachorum
544 1689 578 1752 in
603 1688 672 1770 ipso
686 1687 756 1752 Deo
779 1687 1015 1752 iamnlancium
1038 1684 1299 1769 prosecucionem
1323 1684 1415 1747 favo·

230 1777 366 1842 rabilem
392 1783 500 1841 mente
523 1777 650 1842 fervida
676 1777 876 1842 anhelamus.
902 1777 1012 1859 igitur
1029 1777 1137 1840 allatis
1154 1775 1288 1839 culmini
1304 1779 1415 1838 nostro

230 1887 288 1947 pro
321 1873 417 1948 parte
452 1868 676 1931 universorum
710 1866 878 1947 abbatum,
911 1867 1152 1946 monachorum,
1185 1885 1241 1928 seu
1273 1864 1417 1928 fratrum

232 1956 375 2020 eiusdem
408 1957 531 2022 ordinis
564 1957 669 2022 saneti
702 1956 874 2020 Benedicti
902 1956 1173 2020 monasteriorum
1197 1955 1289 2036 regni
1312 1953 1416 2017 nostri

233 2045 423 2110 humillimis
449 2046 753 2130 supplicacionibus,
770 2051 808 2109 ut
826 2046 911 2128 ipsos
934 2047 967 2109 iu
991 2045 1210 2124 libertatibus
1234 2042 1416 2126 prerogati-

231 2135 276 2198 vis
302 2142 335 2199 et
359 2136 476 2217 graciis
500 2158 558 2218 per
581 2135 800 2201 sanctissimos
824 2135 969 2200 dominos
993 2135 1184 2218 apostolicos
1201 2133 1245 2197 eis
1270 2132 1417 2214 elargitis

233 2231 265 2287 et
288 2246 347 2307 per
371 2226 516 2290 dominos
540 2248 631 2308 reges
655 2225 829 2307 Hungarie
853 2231 978 2290 nostros
1005 2225 1253 2312 predecessores
1286 2222 1416 2304 signan-

233 2320 283 2377 ter
316 2336 374 2397 per
407 2316 649 2380 serenissimum
682 2315 848 2380 dominum
880 2315 1083 2378 Ludovicum
1116 2321 1243 2396 patrem
1267 2319 1417 2376 nostrum

229 2404 332 2468 felicis
374 2405 528 2469 memorie
570 2406 646 2488 ipsis
688 2405 816 2469 illibate
848 2405 1004 2484 admissis
1037 2411 1135 2486 prout
1168 2425 1263 2484 super
1296 2401 1418 2466 eisdem

231 2495 368 2575 litteras,
400 2516 481 2576 quas
513 2516 622 2560 coram
655 2503 767 2559 nestra
806 2495 958 2559 claritate
996 2495 1232 2577 produxerunt,
1271 2491 1422 2555 efficaces

233 2584 400 2664 haberent,
417 2585 520 2667 regali
537 2584 764 2649 munificencia
783 2606 973 2649 conservare
989 2584 1209 2666 dignaremur.
1222 2583 1291 2646 Nos
1308 2601 1421 2644 recen-v

233 2673 306 2736 sitis
320 2674 484 2756 premissis
500 2676 709 2739 devocionum
730 2674 1023 2757 solempnitatibus
1043 2672 1299 2755 affectantesque
1317 2671 1419 2734 divini

233 2764 340 2828 cultus
373 2763 527 2828 honorem
560 2770 593 2828 et
617 2764 732 2844 officia,
758 2770 795 2827 ut
820 2764 924 2829 nostri
951 2763 1172 2846 progenitores
1197 2760 1423 2844 etpredeces-

232 2873 318 2916 sores
343 2851 456 2934 fecere,
480 2855 644 2920 salubrius
668 2854 835 2936 ampliare,
860 2854 980 2919 eisdem
1003 2853 1298 2936 supplicacionibus
1315 2849 1417 2914 dicto-

186 2951 189 2958 ’
232 2964 305 3004 rum
345 2942 504 3008 abbatum
543 2950 576 3008 et
615 2944 847 3008 monachorum
886 2943 1091 3025 benignitate
1129 2942 1220 3024 regia
1259 2939 1422 3019 inclinati,

233 3033 318 3114 ipsos
351 3032 384 3095 in
418 3033 567 3116 pristinis
599 3034 819 3113 libertatibus,
851 3033 1067 3116 prerogativis
1101 3038 1133 3096 et
1167 3031 1293 3114 graciis,
1320 3030 1418 3094 sicuti

233 3122 471 3203 predecessores
503 3126 607 3188 nostri
639 3124 798 3203 iecerunt,
831 3143 1020 3187 conservare
1043 3121 1244 3186 intendimus
1268 3126 1300 3184 et
1324 3140 1418 3202 spon-

233 3212 354 3292 demus,
374 3213 434 3276 hac
455 3213 587 3296 quidem
613 3213 774 3293 libertate,
799 3233 856 3277 seu
879 3212 1115 3276 consuetudine
1131 3212 1275 3294 ipsorum
1291 3231 1418 3292 expres·

233 3309 313 3380 sata,
347 3303 432 3384 quod
467 3303 668 3386 temporibus
692 3301 920 3384 capitulorum,
934 3308 1003 3367 ,aut
1026 3301 1132 3367 sinodi
1155 3322 1212 3384 per
1235 3301 1319 3382 ipsos
1343 3320 1418 3364 con-

233 3392 456 3456 suetudinarie
480 3393 682 3459 celebrandis
705 3393 767 3474 ipsi
791 3393 831 3457 de
848 3391 953 3456 medio
970 3413 1081 3456 eorum
1099 3396 1256 3474 quattuor
1272 3389 1422 3468 abbates,

233 3481 327 3544 iuxta
360 3483 543 3564 opinionem
575 3483 719 3565 ipsorum
752 3489 785 3546 et
817 3482 1052 3546 conscienciam
1085 3483 1127 3546 ad
1161 3481 1194 3546 id
1227 3479 1357 3543 idoneos
1386 3485 1418 3542 et

234 3571 402 3652 legalitate
426 3571 585 3654 suffultos,
604 3593 662 3655 pro
681 3572 923 3654 presidentibus
948 3591 1067 3650 eorum,
1095 3572 1151 3654 qui
1175 3592 1249 3636 cum
1271 3569 1419 3633 visitato-

235 3660 326 3725 ribus
342 3660 487 3744 ipsorum
504 3663 636 3745 singula
652 3661 924 3726 monasteriorum
942 3667 974 3725 et
993 3663 1225 3726 monachorum
1244 3658 1418 3723 eorundem

234 3750 324 3816 facta
358 3757 390 3814 et
423 3753 555 3834 negocia
589 3752 770 3834 disponant,
807 3751 999 3833 corrigenda
1032 3753 1208 3834 corrigant,
1246 3750 1420 3813 emendent

235 3841 445 3921 emendanda,
475 3863 513 3906 ac
539 3841 748 3906 reformanda
776 3841 961 3920 reforment,
995 3841 1113 3924 eligere
1146 3841 1285 3919 valeant,
1319 3845 1419 3920 atque

234 3930 374 4011 possint;
407 3931 466 3996 hoc
492 3932 593 3996 eciam
620 3933 794 4013 signanter
828 3929 964 4010 adiectu,
997 3931 1083 4012 quod
1117 3930 1143 3994 si
1175 3931 1209 3993 in
1232 3928 1420 3993 huiusmodi

235 4020 395 4102 capitulis
429 4026 489 4086 aut
513 4022 632 4104 synodo
656 4022 717 4103 ipsi
741 4021 867 4103 aliquos
892 4021 1029 4085 abbates
1052 4019 1091 4084 ub
1117 4019 1293 4084 eorundem
1318 4019 1420 4101 negli-

236 4110 390 4190 genciam,
417 4118 475 4175 aut
510 4110 670 4176 demerita
698 4109 787 4174 licite
819 4110 1012 4174 amovendos
1036 4116 1069 4174 et
1092 4109 1296 4192 deponendos
1321 4129 1420 4191 agno-

235 4199 350 4279 verint,
379 4208 438 4265 aut
461 4201 665 4282 reperierint,
694 4200 814 4264 eisdem
837 4221 895 4283 per
919 4200 1002 4282 ipsos
1026 4201 1227 4283 presidentes
1252 4205 1285 4263 et
1308 4199 1420 4262 visita-

236 4293 320 4352 tores
345 4291 505 4373 legittime
530 4290 750 4355 denunctiatis
776 4296 809 4353 et
825 4290 950 4370 amotis,
975 4289 1149 4354 cuiuslibet
1173 4289 1273 4353 amoti
1289 4287 1420 4353 abbatis

235 4378 303 4441 loco
336 4402 438 4443 unum
471 4379 571 4443 alium
604 4381 765 4460 devotum,
799 4380 936 4463 legalem
970 4385 1003 4442 et
1035 4379 1188 4444 idoneum
1226 4379 1419 4443 monachum

236 4468 399 4550 eligentes,
435 4469 573 4533 eundem
612 4471 751 4534 electum
790 4477 900 4533 nostre
939 4470 1112 4550 maiestati,
1149 4476 1208 4534 aut
1247 4468 1420 4549 nobilibus,

236 4559 354 4638 quibus
377 4559 572 4640 iurisdiccio,
596 4581 653 4623 seu
676 4561 726 4622 ins
750 4566 945 4641 patronatus
965 4560 998 4622 in
1017 4559 1128 4624 eodem
1154 4565 1290 4623 vacante
1311 4579 1420 4622 mona·
