3472 5494
284 368 347 427 232
510 430 514 437 ,
779 372 968 435 6111111116

285 583 349 624 161
382 568 492 623 autem
527 559 577 622 uti
611 557 803 622 nominatim
832 557 1002 639 loquentes
1026 557 1066 620 de
1090 555 1231 620 ecclesiis
1254 557 1347 637 regni
1372 555 1467 619 Hun-

286 649 396 731 gariae
420 649 508 712 trahi
532 649 655 729 possint
680 653 773 710 extra
796 646 875 710 fines
899 647 987 709 illius
1011 646 1053 709 ad
1077 647 1297 729 episcopatum
1332 647 1467 720 Bosnae,

286 740 433 821 quamvis
457 743 568 820 postea
593 738 694 800 luerit
718 735 832 800 effecta
849 737 937 800 illius
953 735 1143 814 tributaria,
1160 736 1265 817 deque
1281 735 1468 818 appendicis

281 827 428 892 eiusdem
451 827 544 909 regni
568 827 610 890 ad
635 826 728 890 Text.
752 827 786 889 in
811 847 879 908 cap.
897 847 936 888 ex
951 847 1006 888 ore
1025 831 1074 904 17,
1090 821 1117 908 ξ.
1133 824 1187 888 fin.
1212 844 1290 888 vers.
1316 825 1468 889 membris

284 923 394 982 autem
420 918 513 980 iuxta
537 917 614 1000 glos.
640 915 680 982 V.
707 938 790 998 quae
814 937 879 980 non
902 917 1085 998 probantur
1109 915 1149 978 de
1172 913 1286 978 Privil.
1303 915 1358 978 Ita
1382 914 1467 977 enim

283 1007 446 1090 privilegii
469 1014 563 1070 tenor
587 1005 765 1070 servan-dus
789 1012 846 1086 est,
867 1005 954 1088 quod
978 1006 1047 1068 eius
1073 1011 1176 1068 metas
1201 1005 1385 1086 transgredi
1409 1005 1468 1066 rni-

285 1097 370 1160 nime
394 1097 491 1173 liceat
515 1118 539 1160 c.
564 1095 667 1158 Porro
687 1101 702 1158 7
722 1096 755 1158 11
776 1094 838 1159 fine
862 1117 935 1159 cum
957 1095 1032 1158 clos.
1044 1093 1084 1158 V.
1101 1101 1214 1168 tenore
1230 1094 1341 1158 eodem
1361 1093 1467 1157 titulo.

392 1186 508 1267 Neque
547 1185 749 1248 reticendum
788 1191 837 1256 est
869 1183 1000 1248 Julium
1034 1184 1100 1248 III.
1135 1183 1275 1248 Decreto
1314 1183 1468 1248 consisto-

287 1276 362 1339 riali
395 1275 483 1339 edito
516 1274 568 1338 die
593 1279 614 1337 4
641 1275 726 1338 Julii
762 1279 846 1338 1552
880 1275 1083 1356 prohibuisse
1115 1295 1156 1337 ne
1189 1273 1342 1336 ecclesiae
1376 1273 1467 1355 regni

286 1365 480 1447 Hungariae
503 1365 753 1446 providerentur
786 1364 828 1428 ad
861 1365 999 1428 alicuius
1024 1363 1288 1443 nominationem,
1313 1385 1388 1444 rege
1412 1361 1463 1424 ad·

285 1456 408 1525 monito
433 1461 471 1517 ut
494 1455 535 1518 ab
557 1455 748 1518 huiusmodi
781 1453 1059 1518 nominationibus
1083 1452 1122 1516 de
1147 1459 1254 1516 cetero
1278 1453 1468 1516 abstineret.

286 1545 354 1618 nisi,
366 1545 404 1608 de
421 1545 566 1625 legitimo
584 1544 681 1607 titulo
699 1544 837 1622 doceret,
855 1551 887 1607 61
903 1543 1068 1608 Ioannem
1084 1543 1271 1624 Baptistam
1288 1542 1433 1605 Lauram
1450 1563 1466 1602 a

285 1635 417 1699 secretis
442 1656 464 1696 s
489 1634 615 1715 collegii
640 1633 699 1696 sub
726 1632 861 1698 Urbano
878 1633 979 1698 VIII.
1003 1634 1192 1697 adnotasse:
1219 1633 1268 1695 vel
1293 1632 1380 1695 dicto
1404 1630 1468 1692 De·

243 1775 244 1778 1
287 1730 375 1787 61616
399 1745 457 1805 per
482 1744 589 1804 regem
606 1723 813 1786 satisfactum
829 1724 928 1787 fuisse
945 1723 1088 1786 docendo
1107 1723 1146 1786 de
1163 1722 1271 1801 titulo,
1295 1722 1345 1785 vel
1361 1721 1466 1785 subla-

286 1821 357 1877 1111
380 1813 545 1878 contrario
569 1834 639 1892 usu,
665 1814 742 1894 quia
765 1812 806 1877 ab
832 1833 917 1876 anno
943 1817 1029 1875 1560
1054 1812 1223 1894 usquead
1250 1816 1334 1874 1613
1360 1811 1468 1874 subse-

287 1909 383 1966 cutae
407 1909 485 1966 sunt
509 1902 618 1984 plures
638 1902 768 1966 illorum
784 1902 981 1985 provisiones
996 1901 1038 1965 ad
1056 1902 1179 1984 regiam
1204 1901 1468 1974 nominationem.

394 1989 459 2074 Qui
492 1993 592 2056 etiam
625 1998 713 2057 recte
746 1995 878 2056 monuit
905 1993 938 2055 in
972 1992 1103 2062 litteris
1127 1991 1223 2073 regiis
1259 1992 1347 2064 ultra
1371 1990 1469 2052 verba

286 2081 488 2144 nominamus
513 2088 546 2145 et
568 2089 819 2164 praesentamus¹
847 2103 1018 2166 perperam
1051 2081 1144 2144 addi:
1183 2081 1339 2162 eligimus.
1373 2078 1469 2142 Unde

286 2192 343 2252 per
376 2172 555 2236 absurdum
588 2173 816 2237 inconveniens
849 2173 1018 2236 inolevisse
1051 2173 1098 2234 ait
1131 2171 1218 2252 quod
1252 2169 1410 2233 nominati
1437 2169 1469 2230 in

288 2260 461 2342 episcopos,
495 2261 606 2326 statim
632 2269 735 2326 vestes
760 2263 956 2345 episcopales
980 2269 1159 2341 assumunt,
1183 2281 1280 2342 seque
1304 2282 1362 2342 pro
1386 2259 1469 2322 veris

286 2349 442 2432 episcopis
467 2357 585 2432 gerunt
609 2352 744 2415 dicendo
768 2375 798 2414 n.
834 2353 1013 2435 Episcopus
1030 2351 1159 2414 electus
1183 2350 1248 2413 1111
1272 2349 1469 2413 auctoritate

287 2439 474 2502 Innocentii
501 2445 528 2504 3.
555 2442 589 2503 in
613 2463 637 2506 6.
662 2441 744 2506 nihil
769 2449 816 2506 est
850 2446 900 2505 44.
921 2437 951 2524 ξ.
976 2453 1120 2505 ceterum
1147 2440 1186 2503 de
1211 2439 1367 2504 electione
1390 2459 1470 2502 vers.

289 2530 357 2592 »ita
382 2535 490 2592 tamen
515 2531 602 2610 quod
633 2533 764 2594 interim
790 2532 885 2595 valde
909 2531 1026 2595 remoti
1050 2531 1200 2594 videlicet
1225 2531 1314 2593 ultra
1337 2528 1470 2592 ltaliam

285 2619 467 2697 constituti,
491 2619 518 2684 si
551 2620 645 2684 electi
677 2621 803 2686 1161111
837 2623 870 2684 11
905 2621 1076 2686 concordia
1110 2619 1298 2702 dispositive
1336 2622 1471 2700 propter

286 2710 511 2772 necessitatem
536 2709 744 2774 ecclesiarum
761 2717 794 2774 et
813 2711 990 2775 utilitatem
1007 2711 1040 2774 in
1058 2709 1285 2792 spiritualibus
1298 2714 1333 2771 et
1349 2715 1470 2789 tempo-

287 2799 411 2862 ralibus
444 2799 641 2879 ministrent,
675 2800 719 2862 sic
744 2807 862 2879 tamen,
893 2808 930 2863 ut
954 2801 993 2863 de
1017 2801 1115 2864 rebus
1140 2799 1366 2862 ecclesiasticis
1389 2797 1471 2860 nihil

288 2889 431 2952 alienent
442 2909 467 2966 3«
489 2910 553 2952 non
570 2891 778 2954 observantes
794 2891 884 2972 loqui
904 2891 943 2955 de
960 2890 1188 2971 capitularIter
1205 2889 1316 2952 electis
1339 2889 1373 2950 in
1398 2909 1471 2950 con-

288 2977 408 3056 cordia,
442 2999 504 3040 non
540 2986 650 3042 autem
683 2980 722 3043 de
755 2981 930 3044 nominatis
954 3002 973 3043 a
998 2980 1073 3043 solis
1106 2978 1247 3060 regibus,
1280 2980 1367 3041 inter
1390 2999 1471 3058 quos

289 3088 441 3148 magnum
475 3067 649 3132 discrimen
684 3077 842 3149 versatur,
876 3092 949 3134 cum
973 3070 1022 3144 illi
1050 3091 1088 3132 ex
1113 3069 1268 3132 electione
1292 3088 1470 3149 perquam

287 3158 403 3239 incipit
427 3157 592 3237 vinculum
617 3159 797 3242 spiritualis
821 3161 963 3242 conjugii
987 3160 1073 3222 inter
1100 3159 1237 3222 electum
1255 3165 1287 3220 et
1304 3156 1468 3221 ecclesiam

288 3247 329 3310 ad
362 3267 461 3328 quam
494 3248 629 3330 eligitur
662 3248 696 3313 O.
731 3270 804 3312 cum
838 3251 923 3313 inter
948 3248 1129 3313 Canonicas
1158 3253 1208 3310 21.
1232 3244 1259 3329 ξ.
1284 3245 1471 3310 discretioni

245 3380 246 3383 ,
287 3343 415 3399 vestrae
448 3357 527 3400 vers.
562 3345 599 3400 ut
631 3361 689 3422 per
713 3345 865 3402 mutuum
889 3360 1058 3403 concesum
1083 3339 1123 3400 de
1149 3339 1314 3414 electione,
1348 3342 1380 3398 61
1404 3356 1470 3416 cap.

287 3427 363 3489 licet
397 3434 515 3506 quarto
547 3429 581 3490 in
614 3429 750 3510 princip.
784 3449 862 3491 vers.
896 3429 941 3491 sic
965 3435 998 3492 et
1022 3428 1206 3510 spiritiuale
1241 3426 1470 3490 demandat:

292 3515 466 3597 »Episcopi
486 3519 663 3597 acquirunt
687 3519 737 3581 ius
762 3518 803 3581 ad
828 3539 896 3581 rem
916 3517 1149 3600 perficiendum
1173 3517 1207 3580 in
1231 3537 1265 3580 re
1289 3515 1401 3579 statim
1425 3537 1471 3578 se·

288 3611 365 3668 cata
389 3604 634 3670 confirmatione
658 3609 776 3672 summi
799 3607 1005 3690 pontificiis«,
1031 3630 1070 3671 ex
1094 3608 1217 3680 notatis
1245 3627 1302 3688 per
1327 3604 1415 3670 Abb.
1440 3611 1472 3666 et

288 3695 369 3758 alios
402 3693 596 3761 Canonistas
621 3697 663 3760 in
697 3696 731 3761 C.
761 3698 1012 3780 postulationem
1036 3693 1062 3780 ξ.
1087 3697 1127 3760 de
1151 3696 1304 3778 postulat.
1329 3695 1471 3758 Praelat.

290 3806 364 3848 cnm
388 3785 556 3864 similibus.
590 3787 638 3850 Hi
662 3809 735 3851 vere
759 3788 886 3851 nullum
912 3789 962 3850 ius
986 3787 1163 3869 acquirunt
1187 3807 1226 3849 ex
1254 3786 1391 3868 simplici
1418 3806 1477 3848 noe,

289 3874 466 3938 minatione
500 3875 534 3941 O.
569 3877 654 3958 quod
688 3877 773 3941 sicut
808 3883 848 3942 28
875 3879 908 3940 11
934 3877 1092 3959 principio
1117 3876 1156 3940 de
1180 3873 1338 3940 electione
1360 3876 1473 3938 iuncta

289 3965 366 4045 glos,
383 3977 420 4046 pa
440 3965 562 4029 ibidem
578 3988 615 4029 ac
633 3967 665 4030 in
683 3987 751 4048 cap.
767 3972 925 4048 perpetuo
943 3972 960 4029 6
983 3967 1022 4032 V.
1047 3966 1222 4031 formidare
1239 3986 1317 4029 vers.
1340 3970 1376 4028 30
1396 3964 1472 4045 quia

290 4053 400 4116 eodem
435 4057 531 4118 titulo
564 4057 597 4118 in
633 4062 660 4118 6.
694 4078 753 4119 nec
786 4078 849 4118 non
884 4057 917 4119 in
946 4078 1013 4138 cap.
1039 4055 1236 4121 Constitutis
1261 4060 1302 4117 23
1328 4055 1472 4119 nomina-

289 4144 410 4206 tionem
435 4145 474 4206 de
502 4147 652 4228 appellat.
689 4145 778 4209 »Nec
809 4145 880 4210 ideo
913 4147 1148 4210 confirmantur
1172 4167 1191 4208 a
1215 4165 1338 4208 summo
1366 4144 1473 4226 ponti-

289 4235 348 4296 lice
372 4233 414 4295 ad
438 4233 573 4299 alterius
606 4235 869 4314 nominationem,
905 4237 1089 4300 dicentibus
1113 4242 1285 4318 propterea
1308 4255 1365 4316 per
1389 4233 1472 4296 hanc

290 4323 542 4406 nominationem
578 4347 642 4388 non
675 4325 803 4406 acquiri
836 4327 1011 4389 nominatis
1044 4326 1093 4388 ius
1126 4326 1227 4402 inre,
1256 4346 1315 4387 nec
1339 4323 1380 4386 ad
1405 4345 1472 4385 rem

290 4415 395 4478 instar
419 4415 545 4496 gratiae
564 4415 795 4497 expectativac,
821 4414 1356 4497 sedquoddampraeparatorium
1381 4413 1472 4474 dum-

291 4512 384 4568 taxat
408 4505 449 4584 ad
474 4505 686 4579 obtinendum
707 4505 748 4582 id,
769 4527 825 4586 pro
844 4526 907 4586 quo
931 4505 968 4568 fit
992 4505 1201 4568 nominatio«
1229 4501 1363 4568 Cosmus
1388 4499 1473 4565 Gus-
