3454 5492
326 467 389 529 114
819 475 1004 529 susurramine

323 664 498 727 clementer
522 663 678 743 dedimus,
703 665 900 728 contulimus
925 669 957 727 et
982 664 1203 743 concessimus
1228 664 1275 727 ita
1299 671 1332 727 et
1355 661 1414 727 sub
1441 663 1505 728 ista

323 753 516 833 conditione,
549 761 587 816 ut
620 753 708 817 fideli
732 761 843 818 nostro
871 754 1137 818 reverendissimo
1164 753 1330 836 Stephano
1354 753 1505 833 Radetio,

322 843 469 926 episcopo
493 841 657 925 Agriensi,
681 865 739 927 per
764 844 973 925 Hungariam
999 844 1233 907 locumtenenti
1264 851 1296 908 et
1322 844 1505 908 consiliario

323 939 443 1013 nostro,
462 939 630 1015 tamquam
651 933 839 998 dioecesano
859 934 1001 1016 ipsorum
1018 933 1147 997 litteras
1164 934 1223 998 sub
1241 934 1345 1014 sigillo
1362 933 1505 996 civitatis

323 1025 423 1106 ipsius
456 1021 674 1088 Cassoviensis
707 1025 837 1106 publice
870 1024 1077 1106 consignatas
1107 1022 1184 1088 dare
1210 1029 1393 1103 teneantur,
1418 1023 1505 1105 quod

323 1115 349 1176 si
373 1133 522 1176 successu
547 1114 710 1196 temporis,
743 1114 903 1196 praedicti
937 1114 1056 1177 fratres
1090 1113 1214 1177 ordinis
1238 1137 1260 1176 s.
1285 1113 1448 1177 Dominici
1473 1115 1506 1176 in

322 1205 487 1285 integrum
519 1203 668 1267 restituti
701 1224 739 1267 ae
772 1204 929 1286 templum
962 1204 1167 1285 praedictum
1200 1204 1240 1266 ab
1274 1205 1352 1285 ipsis
1381 1204 1506 1267 civibus

323 1292 587 1358 Oassoviensibus
620 1315 678 1375 per
711 1292 781 1357 illos
814 1295 918 1376 repeti
952 1293 1129 1375 contingat,
1169 1299 1248 1357 tunc
1287 1293 1385 1356 iidem
1424 1293 1505 1356 illud

326 1383 449 1465 absque
473 1385 661 1448 resistentia
686 1383 948 1465 difficultateque
972 1383 1117 1466 aliquali,
1142 1383 1261 1446 eisdem
1284 1383 1451 1447 remittere
1474 1389 1507 1446 et

325 1475 498 1537 restituere
533 1473 674 1536 debeant
708 1479 740 1536 et
773 1480 964 1554 teneantur;
998 1475 1061 1536 imo
1099 1474 1221 1553 damuS,
1246 1474 1441 1537 conferimus
1474 1479 1507 1536 et

323 1564 529 1627 concedimus
563 1563 680 1626 harum
709 1571 895 1626 nostrarum
919 1563 1028 1645 vigore
1052 1568 1085 1626 et
1109 1563 1295 1627 testimonio
1319 1564 1506 1627 litterarum

324 1653 495 1716 mediante.
521 1651 644 1715 Datum
663 1653 696 1715 in
714 1674 786 1716 arce
804 1660 913 1716 nostra
933 1653 1023 1731 regia
1037 1652 1235 1732 Posoniensi,
1253 1654 1304 1716 die
1323 1658 1371 1717 10.
1388 1654 1506 1717 mensis

325 1741 461 1824 Aprilis,
488 1746 582 1804 1578.

431 1901 574 1966 (Orszagos
594 1901 719 1952 leve'ltar.
740 1900 921 1952 (turicellariai
941 1901 1053 1966 osataly.
1077 1909 1152 1953 isal.
1166 1905 1211 1962 sa.)

793 2155 1039 2222 LXXXVHI.

802 2318 888 2378 1580
913 2317 1022 2398 eleje'n.

327 2479 356 2542 A
381 2499 519 2561 moggus·
542 2475 702 2560 fdpupsdp
727 2475 952 2560 fcltcrjesate'so
977 2499 998 2542 a
1026 2479 1301 2560 odorendollcae‘si
1334 2477 1508 2560 saulindsu'p

730 2571 896 2651 nicododsu
920 2569 1105 2634 aldamton.

436 2728 646 2794 Serenissime
679 2731 837 2813 princeps
870 2731 998 2794 domine
1032 2738 1063 2794 et
1097 2731 1224 2795 domine
1254 2732 1346 2796 nobis
1374 2733 1509 2796 clemen-

334 2822 465 2884 tissime.

438 2910 513 2974 Non
537 2930 705 2992 possumus
729 2910 938 2974 serenitatem
962 2917 1103 2975 vestram
1126 2912 1240 2992 celare,
1257 2911 1400 2994 graviter
1424 2909 1510 2974 labe-

331 3001 450 3064 factari
483 3000 670 3064 libertatem
702 3000 923 3081 praelatorum
957 3009 989 3065 et
1018 3003 1104 3081 cleri,
1128 3004 1155 3066 si
1179 3003 1226 3066 ita
1250 3023 1300 3065 res
1324 3023 1357 3064 se
1381 3001 1510 3079 habeat,

329 3090 602 3172 quemadmodum
635 3090 728 3154 nobis
761 3092 911 3154 retertur.
938 3091 1159 3174 intelligimus
1183 3093 1267 3156 enim
1293 3097 1421 3154 mortuo
1444 3090 1511 3172 epi-

327 3202 420 3262 scopo
454 3180 748 3244 Transsilvaniensi
781 3187 814 3244 et
846 3181 1033 3262 Nittriensi,
1072 3189 1305 3246 testamentum
1344 3182 1412 3244 eius
1453 3201 1511 3262 per

327 3276 542 3353 exequutores
575 3269 616 3332 ab
650 3271 718 3352 ipso
752 3273 955 3350 constitutos,
980 3273 1022 3336 ad
1047 3273 1257 3336 serenitatem
1280 3277 1422 3335 vestram
1446 3270 1511 3332 iam

328 3361 451 3424 dudum
476 3361 638 3442 perlatum
662 3359 770 3438 fuisse,
795 3361 836 3423 ad
861 3362 946 3442 quod
967 3362 1009 3426 ad
1033 3361 1092 3426 hoo
1117 3384 1218 3444 usque
1236 3369 1363 3444 tempus
1380 3381 1509 3441 respon-

328 3473 399 3514 sum
432 3472 496 3513 non
530 3450 729 3513 habuissent.
763 3449 846 3514 Cum
880 3457 989 3515 autem
1024 3473 1200 3532 vereamur,
1231 3450 1372 3533 nequid
1398 3455 1511 3514 contra

328 3541 516 3604 libertatem
549 3545 694 3603 nostram
723 3547 755 3603 et
779 3540 950 3622 antiquam
982 3542 1249 3606 consuetudinem
1273 3541 1511 3605 constituatur:

327 3631 486 3694 voluimus
511 3652 576 3693 una
601 3650 709 3693 omnes
733 3629 772 3693 de
796 3630 923 3711 legibus
948 3637 981 3694 et
996 3633 1231 3714 praerogativis
1248 3631 1368 3695 nostris
1393 3631 1512 3693 sereni-

328 3727 430 3784 tatem
455 3726 596 3783 vestram
620 3719 764 3783 breviter
781 3721 996 3784 ethumiliter
1020 3722 1160 3802 edocere,
1191 3727 1338 3786 nostram
1357 3720 1511 3783 nimirum

328 3817 361 3872 et
385 3810 585 3891 reliquorum
618 3810 778 3873 baronum
812 3831 849 3873 ao
884 3811 1043 3874 nobilium
1077 3813 1177 3892 regni,
1218 3812 1312 3874 iuxta
1346 3811 1510 3874 decretum

329 3899 457 3982 Tripar.
481 3922 549 3982 par.
576 3905 603 3962 1.
628 3902 702 3964 titu.
729 3905 756 3963 2.
781 3922 879 3963 unam
904 3908 936 3964 et
954 3901 1089 3966 eandem
1114 3923 1179 3965 esse
1200 3901 1400 3966 libertatem.
1425 3900 1512 3964 Nam

328 3997 360 4053 et
394 3990 622 4071 spiritualibus
654 3997 687 4054 et
720 3990 921 4054 secularibus
955 3991 1125 4054 attendere
1158 3993 1313 4074 cogimur.
1349 3988 1443 4072 Quod
1469 3989 1512 4054 ad

329 4100 396 4142 rem
421 4079 623 4160 spiritualem
647 4080 776 4159 attinet,
800 4080 938 4145 iacimus
955 4103 1039 4163 quae
1055 4102 1232 4164 possumus.
1249 4081 1290 4144 Iu
1308 4080 1508 4144 secularibus

329 4175 486 4250 perpetuo
520 4170 643 4233 addicti
687 4191 797 4233 sumus
840 4172 982 4235 servitiis
1024 4172 1204 4235 maiestatis
1246 4192 1323 4234 suae
1356 4175 1389 4234 et
1412 4171 1513 4252 regni,

329 4259 530 4340 honoresque
551 4260 766 4323 comitatuum
786 4261 937 4343 gerimus.
955 4260 1038 4326 (lum
1054 4262 1218 4325 militante
1234 4282 1310 4342 rege
1326 4259 1514 4337 militamus,

328 4348 524 4431 perierimus
548 4371 646 4412 onera
670 4350 778 4414 omnia
801 4351 943 4432 publica,
968 4352 1240 4434 quemadmodum
1257 4351 1374 4432 reliqui
1392 4350 1514 4414 domini

329 4437 467 4502 barones
492 4445 524 4502 et
549 4440 680 4517 nobiles,
706 4462 769 4523 quo
793 4439 840 4518 fit,
858 4448 896 4504 ut
912 4448 1024 4506 nostra
1049 4449 1081 4506 et
1105 4463 1216 4506 eorum
1240 4441 1377 4504 libertas
1402 4441 1514 4505 eadem

329 4529 381 4592 sit.
406 4529 447 4592 ln
472 4528 586 4592 ordine
611 4536 720 4593 autem
742 4531 783 4593 ab
800 4530 895 4593 initio
920 4532 1085 4614 regiminis
1102 4532 1199 4595 huius
1216 4531 1308 4613 regni
1325 4531 1514 4610 constituto,

331 4619 439 4702 prima
472 4641 531 4682 vox
565 4620 785 4703 praelatorum
810 4625 866 4699 est,
891 4629 924 4686 et
948 4623 1053 4704 prima
1078 4622 1229 4704 dignitas
1263 4622 1342 4684 Jam
1389 4621 1516 4686 siliceat
