<?xml version="1.0" encoding="UTF-8"?>
<!DOCTYPE html PUBLIC "-//W3C//DTD XHTML 1.0 Transitional//EN"
    "http://www.w3.org/TR/xhtml1/DTD/xhtml1-transitional.dtd">
<html xmlns="http://www.w3.org/1999/xhtml" xml:lang="en" lang="en">
 <head>
  <title>
</title>
<meta http-equiv="Content-Type" content="text/html;charset=utf-8" />
  <meta name='ocr-system' content='tesseract 3.04.00' />
  <meta name='ocr-capabilities' content='ocr_page ocr_carea ocr_par ocr_line ocrx_word'/>
</head>
<body>
  <div class='ocr_page' id='page_1' title='image "./oklevltramagyar00frakgoog_0262.png"; bbox 0 0 3472 5494; ppageno 0'>
   <div class='ocr_carea' id='block_1_1' title="bbox 496 402 1450 464">
    <p class='ocr_par' dir='ltr' id='par_1_1' title="bbox 496 402 1450 464">
     <span class='ocr_line' id='line_1_1' title="bbox 496 402 1450 464; baseline -0.003 -1"><span class='ocrx_word' id='word_1_1' title='bbox 496 423 515 463; x_wconf 80' lang='lat' dir='ltr'><strong>s</strong></span> <span class='ocrx_word' id='word_1_2' title='bbox 538 422 661 461; x_wconf 74' lang='lat' dir='ltr'><strong>usuras</strong></span> <span class='ocrx_word' id='word_1_3' title='bbox 684 422 743 462; x_wconf 85' lang='lat' dir='ltr'><strong>um.</strong></span> <span class='ocrx_word' id='word_1_4' title='bbox 767 421 896 462; x_wconf 83' lang='lat' dir='ltr'><strong>uuerusr</strong></span> <span class='ocrx_word' id='word_1_5' title='bbox 919 419 972 461; x_wconf 79' lang='lat' dir='ltr'><strong>roo</strong></span> <span class='ocrx_word' id='word_1_6' title='bbox 996 409 1224 462; x_wconf 75' lang='lat' dir='ltr'><strong>rournuarsunz.</strong></span> <span class='ocrx_word' id='word_1_7' title='bbox 1389 402 1450 464; x_wconf 79' lang='lat'><strong>231</strong></span> 
     </span>
    </p>
   </div>
   <div class='ocr_carea' id='block_1_2' title="bbox 269 591 1468 4627">
    <p class='ocr_par' dir='ltr' id='par_1_2' title="bbox 269 591 1468 4627">
     <span class='ocr_line' id='line_1_2' title="bbox 271 591 1453 676; baseline 0 -19"><span class='ocrx_word' id='word_1_8' title='bbox 271 594 432 672; x_wconf 88' lang='lat' dir='ltr'><strong>habitum,</strong></span> <span class='ocrx_word' id='word_1_9' title='bbox 464 599 498 658; x_wconf 91' lang='lat' dir='ltr'><strong>et</strong></span> <span class='ocrx_word' id='word_1_10' title='bbox 529 593 598 676; x_wconf 90' lang='lat' dir='ltr'><strong>ipsc</strong></span> <span class='ocrx_word' id='word_1_11' title='bbox 620 593 723 657; x_wconf 78' lang='lat' dir='ltr'><strong>refert</strong></span> <span class='ocrx_word' id='word_1_12' title='bbox 746 613 786 656; x_wconf 88' lang='lat' dir='ltr'><strong>ex</strong></span> <span class='ocrx_word' id='word_1_13' title='bbox 809 591 953 658; x_wconf 81' lang='lat' dir='ltr'>archivio</span> <span class='ocrx_word' id='word_1_14' title='bbox 978 592 1207 674; x_wconf 81' lang='lat' dir='ltr'><strong>Traguriensis</strong></span> <span class='ocrx_word' id='word_1_15' title='bbox 1230 593 1382 658; x_wconf 90' lang='lat' dir='ltr'><strong>ecclesiae</strong></span> <span class='ocrx_word' id='word_1_16' title='bbox 1406 593 1453 657; x_wconf 92' lang='lat' dir='ltr'><strong>ita</strong></span> 
     </span>
     <span class='ocr_line' id='line_1_3' title="bbox 272 681 1453 767; baseline -0.001 -20"><span class='ocrx_word' id='word_1_17' title='bbox 272 691 482 767; x_wconf 90' lang='lat' dir='ltr'><strong>conceptum:</strong></span> <span class='ocrx_word' id='word_1_18' title='bbox 496 681 584 748; x_wconf 70' lang='lat' dir='ltr'><strong>»Nos</strong></span> <span class='ocrx_word' id='word_1_19' title='bbox 601 683 761 766; x_wconf 82' lang='lat' dir='ltr'><strong>singulari</strong></span> <span class='ocrx_word' id='word_1_20' title='bbox 780 684 913 765; x_wconf 84' lang='lat' dir='ltr'><strong>insuper</strong></span> <span class='ocrx_word' id='word_1_21' title='bbox 927 683 1095 766; x_wconf 88' lang='lat' dir='ltr'><strong>privilegio</strong></span> <span class='ocrx_word' id='word_1_22' title='bbox 1113 683 1338 747; x_wconf 87' lang='lat' dir='ltr'><strong>excellentiam</strong></span> <span class='ocrx_word' id='word_1_23' title='bbox 1351 689 1453 760; x_wconf 90' lang='lat' dir='ltr'><strong>tuam,</strong></span> 
     </span>
     <span class='ocr_line' id='line_1_4' title="bbox 272 772 1454 855; baseline -0.002 -17"><span class='ocrx_word' id='word_1_24' title='bbox 272 783 469 855; x_wconf 90' lang='lat' dir='ltr'><strong>tuorumque</strong></span> <span class='ocrx_word' id='word_1_25' title='bbox 502 773 694 837; x_wconf 90' lang='lat' dir='ltr'><strong>meritorum</strong></span> <span class='ocrx_word' id='word_1_26' title='bbox 721 773 847 838; x_wconf 89' lang='lat' dir='ltr'><strong>intuitu</strong></span> <span class='ocrx_word' id='word_1_27' title='bbox 871 772 1005 836; x_wconf 91' lang='lat' dir='ltr'><strong>heredes</strong></span> <span class='ocrx_word' id='word_1_28' title='bbox 1029 793 1068 836; x_wconf 91' lang='lat' dir='ltr'><strong>ac</strong></span> <span class='ocrx_word' id='word_1_29' title='bbox 1091 793 1287 838; x_wconf 80' lang='lat' dir='ltr'><strong>successores</strong></span> <span class='ocrx_word' id='word_1_30' title='bbox 1312 779 1385 836; x_wconf 90' lang='lat' dir='ltr'><strong>tuos</strong></span> <span class='ocrx_word' id='word_1_31' title='bbox 1408 773 1454 836; x_wconf 89' lang='lat' dir='ltr'><strong>le-</strong></span> 
     </span>
     <span class='ocr_line' id='line_1_5' title="bbox 272 861 1455 947; baseline -0.002 -21"><span class='ocrx_word' id='word_1_32' title='bbox 272 865 402 946; x_wconf 90' lang='lat' dir='ltr'><strong>gitimos</strong></span> <span class='ocrx_word' id='word_1_33' title='bbox 427 863 484 947; x_wconf 93' lang='lat' dir='ltr'><strong>qui</strong></span> <span class='ocrx_word' id='word_1_34' title='bbox 508 863 593 927; x_wconf 89' lang='lat' dir='ltr'><strong>sicut</strong></span> <span class='ocrx_word' id='word_1_35' title='bbox 621 861 747 926; x_wconf 90' lang='lat' dir='ltr'><strong>dictum</strong></span> <span class='ocrx_word' id='word_1_36' title='bbox 779 868 837 942; x_wconf 89' lang='lat' dir='ltr'><strong>est,</strong></span> <span class='ocrx_word' id='word_1_37' title='bbox 871 862 974 942; x_wconf 88' lang='lat' dir='ltr'><strong>electi,</strong></span> <span class='ocrx_word' id='word_1_38' title='bbox 999 867 1031 925; x_wconf 90' lang='lat' dir='ltr'><strong>et</strong></span> <span class='ocrx_word' id='word_1_39' title='bbox 1055 884 1075 926; x_wconf 92' lang='lat' dir='ltr'><strong>a</strong></span> <span class='ocrx_word' id='word_1_40' title='bbox 1098 862 1173 926; x_wconf 88' lang='lat' dir='ltr'><strong>sede</strong></span> <span class='ocrx_word' id='word_1_41' title='bbox 1196 861 1375 944; x_wconf 90' lang='lat' dir='ltr'><strong>apostolica</strong></span> <span class='ocrx_word' id='word_1_42' title='bbox 1398 883 1455 944; x_wconf 88' lang='lat' dir='ltr'><strong>ap-</strong></span> 
     </span>
     <span class='ocr_line' id='line_1_6' title="bbox 271 950 1453 1035; baseline -0.004 -17"><span class='ocrx_word' id='word_1_43' title='bbox 271 953 402 1034; x_wconf 86' lang='lat' dir='ltr'><strong>probati</strong></span> <span class='ocrx_word' id='word_1_44' title='bbox 426 953 559 1032; x_wconf 80' lang='lat' dir='ltr'><strong>luerint,</strong></span> <span class='ocrx_word' id='word_1_45' title='bbox 583 971 670 1016; x_wconf 91' lang='lat' dir='ltr'><strong>nunc</strong></span> <span class='ocrx_word' id='word_1_46' title='bbox 689 959 722 1016; x_wconf 91' lang='lat' dir='ltr'><strong>et</strong></span> <span class='ocrx_word' id='word_1_47' title='bbox 738 951 903 1035; x_wconf 89' lang='lat' dir='ltr'><strong>perpetuis</strong></span> <span class='ocrx_word' id='word_1_48' title='bbox 927 951 1050 1015; x_wconf 78' lang='lat' dir='ltr'><strong>futuris</strong></span> <span class='ocrx_word' id='word_1_49' title='bbox 1074 951 1275 1034; x_wconf 83' lang='lat' dir='ltr'><strong>temporibus</strong></span> <span class='ocrx_word' id='word_1_50' title='bbox 1299 950 1453 1014; x_wconf 91' lang='lat' dir='ltr'><strong>condeco-</strong></span> 
     </span>
     <span class='ocr_line' id='line_1_7' title="bbox 272 1041 1454 1124; baseline -0.003 -19"><span class='ocrx_word' id='word_1_51' title='bbox 272 1065 347 1108; x_wconf 90' lang='lat' dir='ltr'><strong>rare</strong></span> <span class='ocrx_word' id='word_1_52' title='bbox 369 1043 547 1124; x_wconf 88' lang='lat' dir='ltr'><strong>cupientes,</strong></span> <span class='ocrx_word' id='word_1_53' title='bbox 566 1048 604 1105; x_wconf 93' lang='lat' dir='ltr'><strong>ut</strong></span> <span class='ocrx_word' id='word_1_54' title='bbox 627 1048 803 1124; x_wconf 87' lang='lat' dir='ltr'><strong>postquam</strong></span> <span class='ocrx_word' id='word_1_55' title='bbox 825 1047 863 1105; x_wconf 89' lang='lat' dir='ltr'><strong>tu</strong></span> <span class='ocrx_word' id='word_1_56' title='bbox 889 1047 922 1106; x_wconf 90' lang='lat' dir='ltr'><strong>et</strong></span> <span class='ocrx_word' id='word_1_57' title='bbox 946 1041 994 1104; x_wconf 92' lang='lat' dir='ltr'><strong>illi</strong></span> <span class='ocrx_word' id='word_1_58' title='bbox 1018 1061 1146 1120; x_wconf 89' lang='lat' dir='ltr'><strong>corona,</strong></span> <span class='ocrx_word' id='word_1_59' title='bbox 1170 1061 1267 1122; x_wconf 90' lang='lat' dir='ltr'><strong>quam</strong></span> <span class='ocrx_word' id='word_1_60' title='bbox 1291 1041 1454 1104; x_wconf 77' lang='lat' dir='ltr'><strong>mittimus</strong></span> 
     </span>
     <span class='ocr_line' id='line_1_8' title="bbox 274 1125 1454 1212; baseline -0.005 -18"><span class='ocrx_word' id='word_1_61' title='bbox 274 1134 339 1197; x_wconf 90' lang='lat' dir='ltr'><strong>rite</strong></span> <span class='ocrx_word' id='word_1_62' title='bbox 361 1133 456 1196; x_wconf 85' lang='lat' dir='ltr'><strong>iuxta</strong></span> <span class='ocrx_word' id='word_1_63' title='bbox 480 1125 656 1199; x_wconf 83' lang='lat' dir='ltr'><strong>formulam</strong></span> <span class='ocrx_word' id='word_1_64' title='bbox 680 1131 797 1212; x_wconf 91' lang='lat' dir='ltr'><strong>legatis</strong></span> <span class='ocrx_word' id='word_1_65' title='bbox 821 1131 888 1194; x_wconf 89' lang='lat' dir='ltr'><strong>tuis</strong></span> <span class='ocrx_word' id='word_1_66' title='bbox 912 1131 1071 1196; x_wconf 89' lang='lat' dir='ltr'><strong>traditam</strong></span> <span class='ocrx_word' id='word_1_67' title='bbox 1095 1136 1269 1194; x_wconf 89' lang='lat' dir='ltr'><strong>coronatus</strong></span> <span class='ocrx_word' id='word_1_68' title='bbox 1292 1129 1341 1194; x_wconf 88' lang='lat' dir='ltr'><strong>vel</strong></span> <span class='ocrx_word' id='word_1_69' title='bbox 1365 1150 1454 1194; x_wconf 90' lang='lat' dir='ltr'><strong>coro-</strong></span> 
     </span>
     <span class='ocr_line' id='line_1_9' title="bbox 271 1219 1455 1304; baseline -0.003 -20"><span class='ocrx_word' id='word_1_70' title='bbox 271 1223 342 1286; x_wconf 91' lang='lat' dir='ltr'><strong>nati</strong></span> <span class='ocrx_word' id='word_1_71' title='bbox 374 1221 562 1300; x_wconf 84' lang='lat' dir='ltr'><strong>extiteritis,</strong></span> <span class='ocrx_word' id='word_1_72' title='bbox 604 1241 734 1284; x_wconf 89' lang='lat' dir='ltr'><strong>crucem</strong></span> <span class='ocrx_word' id='word_1_73' title='bbox 765 1227 843 1284; x_wconf 89' lang='lat' dir='ltr'><strong>ante</strong></span> <span class='ocrx_word' id='word_1_74' title='bbox 876 1227 909 1284; x_wconf 90' lang='lat' dir='ltr'><strong>te</strong></span> <span class='ocrx_word' id='word_1_75' title='bbox 942 1221 1142 1304; x_wconf 87' lang='lat' dir='ltr'><strong>apostolatus</strong></span> <span class='ocrx_word' id='word_1_76' title='bbox 1175 1219 1301 1302; x_wconf 82' lang='lat' dir='ltr'><strong>insigne</strong></span> <span class='ocrx_word' id='word_1_77' title='bbox 1334 1219 1455 1302; x_wconf 87' lang='lat' dir='ltr'><strong>gestari</strong></span> 
     </span>
     <span class='ocr_line' id='line_1_10' title="bbox 270 1309 1454 1396; baseline -0.002 -22"><span class='ocrx_word' id='word_1_78' title='bbox 270 1313 378 1375; x_wconf 87' lang='lat' dir='ltr'><strong>facere</strong></span> <span class='ocrx_word' id='word_1_79' title='bbox 400 1313 502 1393; x_wconf 87' lang='lat' dir='ltr'><strong>possis</strong></span> <span class='ocrx_word' id='word_1_80' title='bbox 526 1317 559 1375; x_wconf 89' lang='lat' dir='ltr'><strong>et</strong></span> <span class='ocrx_word' id='word_1_81' title='bbox 583 1311 698 1390; x_wconf 86' lang='lat' dir='ltr'><strong>valeas,</strong></span> <span class='ocrx_word' id='word_1_82' title='bbox 723 1316 823 1394; x_wconf 91' lang='lat' dir='ltr'><strong>atque</strong></span> <span class='ocrx_word' id='word_1_83' title='bbox 847 1309 895 1374; x_wconf 93' lang='lat' dir='ltr'><strong>illi</strong></span> <span class='ocrx_word' id='word_1_84' title='bbox 919 1311 1044 1396; x_wconf 85' lang='lat' dir='ltr'><strong>possint</strong></span> <span class='ocrx_word' id='word_1_85' title='bbox 1062 1310 1267 1392; x_wconf 90' lang='lat' dir='ltr'><strong>valeantque,</strong></span> <span class='ocrx_word' id='word_1_86' title='bbox 1291 1316 1324 1372; x_wconf 92' lang='lat' dir='ltr'><strong>et</strong></span> <span class='ocrx_word' id='word_1_87' title='bbox 1341 1330 1454 1374; x_wconf 92' lang='lat' dir='ltr'><strong>secun-</strong></span> 
     </span>
     <span class='ocr_line' id='line_1_11' title="bbox 271 1398 1455 1484; baseline -0.002 -21"><span class='ocrx_word' id='word_1_88' title='bbox 271 1401 348 1464; x_wconf 91' lang='lat' dir='ltr'><strong>dum</strong></span> <span class='ocrx_word' id='word_1_89' title='bbox 382 1401 470 1484; x_wconf 89' lang='lat' dir='ltr'><strong>quod</strong></span> <span class='ocrx_word' id='word_1_90' title='bbox 503 1401 614 1465; x_wconf 88' lang='lat' dir='ltr'><strong>divina</strong></span> <span class='ocrx_word' id='word_1_91' title='bbox 646 1401 756 1482; x_wconf 90' lang='lat' dir='ltr'><strong>gratia</strong></span> <span class='ocrx_word' id='word_1_92' title='bbox 779 1407 812 1464; x_wconf 92' lang='lat' dir='ltr'><strong>te</strong></span> <span class='ocrx_word' id='word_1_93' title='bbox 835 1407 868 1464; x_wconf 90' lang='lat' dir='ltr'><strong>et</strong></span> <span class='ocrx_word' id='word_1_94' title='bbox 892 1400 965 1464; x_wconf 91' lang='lat' dir='ltr'><strong>illos</strong></span> <span class='ocrx_word' id='word_1_95' title='bbox 998 1400 1155 1478; x_wconf 82' lang='lat' dir='ltr'><strong>docuerit,</strong></span> <span class='ocrx_word' id='word_1_96' title='bbox 1187 1398 1336 1463; x_wconf 89' lang='lat' dir='ltr'><strong>ecclesias</strong></span> <span class='ocrx_word' id='word_1_97' title='bbox 1361 1398 1455 1479; x_wconf 88' lang='lat' dir='ltr'><strong>regni</strong></span> 
     </span>
     <span class='ocr_line' id='line_1_12' title="bbox 270 1489 1454 1572; baseline -0.001 -19"><span class='ocrx_word' id='word_1_98' title='bbox 270 1495 465 1572; x_wconf 82' lang='lat' dir='ltr'><strong>praesentes,</strong></span> <span class='ocrx_word' id='word_1_99' title='bbox 499 1496 531 1554; x_wconf 94' lang='lat' dir='ltr'><strong>et</strong></span> <span class='ocrx_word' id='word_1_100' title='bbox 554 1490 693 1569; x_wconf 86' lang='lat' dir='ltr'><strong>futuras,</strong></span> <span class='ocrx_word' id='word_1_101' title='bbox 726 1496 847 1568; x_wconf 88' lang='lat' dir='ltr'><strong>nostra,</strong></span> <span class='ocrx_word' id='word_1_102' title='bbox 875 1497 908 1555; x_wconf 90' lang='lat' dir='ltr'><strong>et</strong></span> <span class='ocrx_word' id='word_1_103' title='bbox 931 1510 1152 1554; x_wconf 90' lang='lat' dir='ltr'><strong>successorum</strong></span> <span class='ocrx_word' id='word_1_104' title='bbox 1176 1495 1362 1553; x_wconf 88' lang='lat' dir='ltr'><strong>nostrorum</strong></span> <span class='ocrx_word' id='word_1_105' title='bbox 1387 1489 1454 1552; x_wconf 88' lang='lat' dir='ltr'><strong>vioe</strong></span> 
     </span>
     <span class='ocr_line' id='line_1_13' title="bbox 271 1578 1453 1664; baseline -0.002 -22"><span class='ocrx_word' id='word_1_106' title='bbox 271 1581 450 1664; x_wconf 81' lang='lat' dir='ltr'><strong>disponere,</strong></span> <span class='ocrx_word' id='word_1_107' title='bbox 478 1586 578 1662; x_wconf 89' lang='lat' dir='ltr'><strong>atque</strong></span> <span class='ocrx_word' id='word_1_108' title='bbox 601 1579 755 1643; x_wconf 88' lang='lat' dir='ltr'><strong>ordinare</strong></span> <span class='ocrx_word' id='word_1_109' title='bbox 782 1579 960 1662; x_wconf 85' lang='lat' dir='ltr'><strong>apostolica</strong></span> <span class='ocrx_word' id='word_1_110' title='bbox 984 1579 1181 1644; x_wconf 88' lang='lat' dir='ltr'><strong>auctoritate</strong></span> <span class='ocrx_word' id='word_1_111' title='bbox 1205 1578 1356 1642; x_wconf 90' lang='lat' dir='ltr'><strong>similiter</strong></span> <span class='ocrx_word' id='word_1_112' title='bbox 1380 1598 1453 1641; x_wconf 93' lang='lat' dir='ltr'><strong>con-</strong></span> 
     </span>
     <span class='ocr_line' id='line_1_14' title="bbox 270 1668 1453 1751; baseline -0.003 -18"><span class='ocrx_word' id='word_1_113' title='bbox 270 1669 449 1734; x_wconf 71' lang='lat' dir='ltr'><strong>cessimus«</strong></span> <span class='ocrx_word' id='word_1_114' title='bbox 470 1668 624 1734; x_wconf 84' lang='lat' dir='ltr'><strong>Admisso</strong></span> <span class='ocrx_word' id='word_1_115' title='bbox 641 1675 751 1734; x_wconf 87' lang='lat' dir='ltr'><strong>tamen</strong></span> <span class='ocrx_word' id='word_1_116' title='bbox 768 1690 840 1751; x_wconf 90' lang='lat' dir='ltr'><strong>pag.</strong></span> <span class='ocrx_word' id='word_1_117' title='bbox 866 1673 930 1734; x_wconf 73' lang='lat'><strong>256</strong></span> <span class='ocrx_word' id='word_1_118' title='bbox 955 1669 1014 1733; x_wconf 94' lang='lat' dir='ltr'><strong>sub</strong></span> <span class='ocrx_word' id='word_1_119' title='bbox 1040 1690 1119 1734; x_wconf 84' lang='lat' dir='ltr'><strong>vers.</strong></span> <span class='ocrx_word' id='word_1_120' title='bbox 1144 1669 1285 1732; x_wconf 90' lang='lat' dir='ltr'><strong>alterum</strong></span> <span class='ocrx_word' id='word_1_121' title='bbox 1309 1669 1343 1733; x_wconf 93' lang='lat' dir='ltr'><strong>id</strong></span> <span class='ocrx_word' id='word_1_122' title='bbox 1367 1668 1453 1749; x_wconf 91' lang='lat' dir='ltr'><strong>quod</strong></span> 
     </span>
     <span class='ocr_line' id='line_1_15' title="bbox 271 1756 1454 1842; baseline -0.002 -20"><span class='ocrx_word' id='word_1_123' title='bbox 271 1765 397 1842; x_wconf 87' lang='lat' dir='ltr'><strong>spectat</strong></span> <span class='ocrx_word' id='word_1_124' title='bbox 429 1759 470 1823; x_wconf 91' lang='lat' dir='ltr'><strong>ad</strong></span> <span class='ocrx_word' id='word_1_125' title='bbox 497 1759 647 1824; x_wconf 88' lang='lat' dir='ltr'><strong>ecclesias</strong></span> <span class='ocrx_word' id='word_1_126' title='bbox 672 1760 896 1824; x_wconf 84' lang='lat' dir='ltr'><strong>Romanorum</strong></span> <span class='ocrx_word' id='word_1_127' title='bbox 919 1759 1111 1842; x_wconf 91' lang='lat' dir='ltr'><strong>pontificum</strong></span> <span class='ocrx_word' id='word_1_128' title='bbox 1135 1759 1205 1822; x_wconf 85' lang='lat' dir='ltr'><strong>vice</strong></span> <span class='ocrx_word' id='word_1_129' title='bbox 1228 1756 1454 1840; x_wconf 85' lang='lat' dir='ltr'><strong>disponendas,</strong></span> 
     </span>
     <span class='ocr_line' id='line_1_16' title="bbox 270 1846 1454 1934; baseline -0.003 -22"><span class='ocrx_word' id='word_1_130' title='bbox 270 1856 303 1912; x_wconf 90' lang='lat' dir='ltr'><strong>et</strong></span> <span class='ocrx_word' id='word_1_131' title='bbox 335 1847 544 1928; x_wconf 88' lang='lat' dir='ltr'><strong>ordinandas,</strong></span> <span class='ocrx_word' id='word_1_132' title='bbox 577 1870 642 1912; x_wconf 92' lang='lat' dir='ltr'><strong>non</strong></span> <span class='ocrx_word' id='word_1_133' title='bbox 675 1871 741 1913; x_wconf 91' lang='lat' dir='ltr'><strong>esse</strong></span> <span class='ocrx_word' id='word_1_134' title='bbox 765 1871 784 1912; x_wconf 93' lang='lat' dir='ltr'><strong>a</strong></span> <span class='ocrx_word' id='word_1_135' title='bbox 810 1849 965 1933; x_wconf 89' lang='lat' dir='ltr'><strong>quopiam</strong></span> <span class='ocrx_word' id='word_1_136' title='bbox 996 1849 1291 1934; x_wconf 90' lang='lat' dir='ltr'><strong>interpretandum,</strong></span> <span class='ocrx_word' id='word_1_137' title='bbox 1327 1853 1364 1910; x_wconf 90' lang='lat' dir='ltr'><strong>ut</strong></span> <span class='ocrx_word' id='word_1_138' title='bbox 1397 1846 1454 1910; x_wconf 92' lang='lat' dir='ltr'><strong>illa</strong></span> 
     </span>
     <span class='ocr_line' id='line_1_17' title="bbox 270 1936 1454 2024; baseline -0.002 -23"><span class='ocrx_word' id='word_1_139' title='bbox 270 1938 412 2004; x_wconf 89' lang='lat' dir='ltr'><strong>absoluti</strong></span> <span class='ocrx_word' id='word_1_140' title='bbox 438 1939 518 2024; x_wconf 85' lang='lat' dir='ltr'><strong>iuris</strong></span> <span class='ocrx_word' id='word_1_141' title='bbox 535 1959 651 2021; x_wconf 89' lang='lat' dir='ltr'><strong>regum</strong></span> <span class='ocrx_word' id='word_1_142' title='bbox 667 1937 880 2022; x_wconf 86' lang='lat' dir='ltr'><strong>Ungarorum</strong></span> <span class='ocrx_word' id='word_1_143' title='bbox 904 1959 971 2005; x_wconf 87' lang='lat' dir='ltr'><strong>esse</strong></span> <span class='ocrx_word' id='word_1_144' title='bbox 994 1939 1082 2018; x_wconf 84' lang='lat' dir='ltr'><strong>velit,</strong></span> <span class='ocrx_word' id='word_1_145' title='bbox 1104 1938 1185 2002; x_wconf 90' lang='lat' dir='ltr'><strong>adeo</strong></span> <span class='ocrx_word' id='word_1_146' title='bbox 1209 1945 1247 2001; x_wconf 93' lang='lat' dir='ltr'><strong>ut</strong></span> <span class='ocrx_word' id='word_1_147' title='bbox 1270 1936 1454 2000; x_wconf 89' lang='lat' dir='ltr'><strong>inconsulto</strong></span> 
     </span>
     <span class='ocr_line' id='line_1_18' title="bbox 270 2025 1454 2112; baseline -0.002 -21"><span class='ocrx_word' id='word_1_148' title='bbox 270 2028 369 2092; x_wconf 91' lang='lat' dir='ltr'><strong>etiam</strong></span> <span class='ocrx_word' id='word_1_149' title='bbox 402 2028 550 2092; x_wconf 84' lang='lat' dir='ltr'><strong>Romano</strong></span> <span class='ocrx_word' id='word_1_150' title='bbox 583 2027 737 2112; x_wconf 89' lang='lat' dir='ltr'><strong>pontifice</strong></span> <span class='ocrx_word' id='word_1_151' title='bbox 762 2027 913 2094; x_wconf 87' lang='lat' dir='ltr'><strong>ecclesias</strong></span> <span class='ocrx_word' id='word_1_152' title='bbox 938 2028 989 2092; x_wconf 89' lang='lat' dir='ltr'><strong>sui</strong></span> <span class='ocrx_word' id='word_1_153' title='bbox 1011 2029 1105 2111; x_wconf 91' lang='lat' dir='ltr'><strong>regni</strong></span> <span class='ocrx_word' id='word_1_154' title='bbox 1128 2025 1280 2091; x_wconf 90' lang='lat' dir='ltr'><strong>ordinare</strong></span> <span class='ocrx_word' id='word_1_155' title='bbox 1303 2047 1343 2090; x_wconf 88' lang='lat' dir='ltr'><strong>ex</strong></span> <span class='ocrx_word' id='word_1_156' title='bbox 1366 2025 1454 2090; x_wconf 91' lang='lat' dir='ltr'><strong>arbi-</strong></span> 
     </span>
     <span class='ocr_line' id='line_1_19' title="bbox 270 2115 1454 2202; baseline -0.003 -21"><span class='ocrx_word' id='word_1_157' title='bbox 270 2125 361 2181; x_wconf 88' lang='lat' dir='ltr'><strong>tratu</strong></span> <span class='ocrx_word' id='word_1_158' title='bbox 385 2118 496 2200; x_wconf 84' lang='lat' dir='ltr'><strong>possit,</strong></span> <span class='ocrx_word' id='word_1_159' title='bbox 519 2139 743 2201; x_wconf 80' lang='lat' dir='ltr'><strong>summamque</strong></span> <span class='ocrx_word' id='word_1_160' title='bbox 766 2123 964 2202; x_wconf 90' lang='lat' dir='ltr'><strong>potestatem</strong></span> <span class='ocrx_word' id='word_1_161' title='bbox 979 2123 1013 2182; x_wconf 92' lang='lat' dir='ltr'><strong>et</strong></span> <span class='ocrx_word' id='word_1_162' title='bbox 1029 2117 1288 2182; x_wconf 88' lang='lat' dir='ltr'><strong>iurisdictionem</strong></span> <span class='ocrx_word' id='word_1_163' title='bbox 1304 2115 1339 2178; x_wconf 91' lang='lat' dir='ltr'><strong>in</strong></span> <span class='ocrx_word' id='word_1_164' title='bbox 1355 2115 1454 2179; x_wconf 90' lang='lat' dir='ltr'><strong>eccle·</strong></span> 
     </span>
     <span class='ocr_line' id='line_1_20' title="bbox 270 2203 1454 2291; baseline -0.002 -20"><span class='ocrx_word' id='word_1_165' title='bbox 270 2207 326 2272; x_wconf 89' lang='lat' dir='ltr'><strong>siis</strong></span> <span class='ocrx_word' id='word_1_166' title='bbox 349 2227 518 2290; x_wconf 74' lang='lat' dir='ltr'><strong>exercerc,</strong></span> <span class='ocrx_word' id='word_1_167' title='bbox 542 2207 599 2272; x_wconf 88' lang='lat' dir='ltr'><strong>sed</strong></span> <span class='ocrx_word' id='word_1_168' title='bbox 621 2207 874 2272; x_wconf 86' lang='lat' dir='ltr'><strong>existimandum</strong></span> <span class='ocrx_word' id='word_1_169' title='bbox 900 2209 961 2272; x_wconf 93' lang='lat' dir='ltr'><strong>hoc</strong></span> <span class='ocrx_word' id='word_1_170' title='bbox 986 2227 1088 2290; x_wconf 90' lang='lat' dir='ltr'><strong>genus</strong></span> <span class='ocrx_word' id='word_1_171' title='bbox 1110 2205 1358 2291; x_wconf 84' lang='lat' dir='ltr'><strong>praerogativae</strong></span> <span class='ocrx_word' id='word_1_172' title='bbox 1381 2203 1454 2270; x_wconf 85' lang='lat' dir='ltr'><strong>Ste-</strong></span> 
     </span>
     <span class='ocr_line' id='line_1_21' title="bbox 269 2295 1454 2380; baseline -0.003 -20"><span class='ocrx_word' id='word_1_173' title='bbox 269 2297 378 2379; x_wconf 93' lang='lat' dir='ltr'><strong>phano</strong></span> <span class='ocrx_word' id='word_1_174' title='bbox 409 2296 479 2378; x_wconf 90' lang='lat' dir='ltr'><strong>regi</strong></span> <span class='ocrx_word' id='word_1_175' title='bbox 512 2317 707 2378; x_wconf 89' lang='lat' dir='ltr'><strong>concessum,</strong></span> <span class='ocrx_word' id='word_1_176' title='bbox 742 2303 779 2361; x_wconf 92' lang='lat' dir='ltr'><strong>ut</strong></span> <span class='ocrx_word' id='word_1_177' title='bbox 811 2297 918 2362; x_wconf 86' lang='lat' dir='ltr'><strong>instar</strong></span> <span class='ocrx_word' id='word_1_178' title='bbox 949 2297 1063 2361; x_wconf 88' lang='lat' dir='ltr'><strong>vicarii</strong></span> <span class='ocrx_word' id='word_1_179' title='bbox 1096 2295 1255 2380; x_wconf 92' lang='lat' dir='ltr'><strong>pontificii</strong></span> <span class='ocrx_word' id='word_1_180' title='bbox 1279 2317 1338 2378; x_wconf 92' lang='lat' dir='ltr'><strong>pro</strong></span> <span class='ocrx_word' id='word_1_181' title='bbox 1362 2315 1397 2358; x_wconf 91' lang='lat' dir='ltr'><strong>re</strong></span> <span class='ocrx_word' id='word_1_182' title='bbox 1421 2301 1454 2357; x_wconf 88' lang='lat' dir='ltr'><strong>et</strong></span> 
     </span>
     <span class='ocr_line' id='line_1_22' title="bbox 270 2385 1454 2470; baseline -0.003 -20"><span class='ocrx_word' id='word_1_183' title='bbox 270 2395 414 2470; x_wconf 90' lang='lat' dir='ltr'><strong>tempore</strong></span> <span class='ocrx_word' id='word_1_184' title='bbox 438 2387 589 2452; x_wconf 89' lang='lat' dir='ltr'><strong>ecclesias</strong></span> <span class='ocrx_word' id='word_1_185' title='bbox 605 2387 801 2470; x_wconf 87' lang='lat' dir='ltr'><strong>Hungariae</strong></span> <span class='ocrx_word' id='word_1_186' title='bbox 816 2407 857 2451; x_wconf 88' lang='lat' dir='ltr'><strong>ex</strong></span> <span class='ocrx_word' id='word_1_187' title='bbox 873 2408 1035 2452; x_wconf 90' lang='lat' dir='ltr'><strong>canonum</strong></span> <span class='ocrx_word' id='word_1_188' title='bbox 1051 2386 1251 2470; x_wconf 88' lang='lat' dir='ltr'><strong>praescripto</strong></span> <span class='ocrx_word' id='word_1_189' title='bbox 1275 2385 1454 2463; x_wconf 89' lang='lat' dir='ltr'><strong>ordinaret,</strong></span> 
     </span>
     <span class='ocr_line' id='line_1_23' title="bbox 270 2474 1454 2562; baseline -0.002 -22"><span class='ocrx_word' id='word_1_190' title='bbox 270 2495 308 2541; x_wconf 89' lang='lat' dir='ltr'><strong>ac</strong></span> <span class='ocrx_word' id='word_1_191' title='bbox 330 2477 439 2560; x_wconf 90' lang='lat' dir='ltr'><strong>potius</strong></span> <span class='ocrx_word' id='word_1_192' title='bbox 463 2476 635 2560; x_wconf 88' lang='lat' dir='ltr'><strong>dirigendo</strong></span> <span class='ocrx_word' id='word_1_193' title='bbox 655 2483 735 2560; x_wconf 90' lang='lat' dir='ltr'><strong>quot</strong></span> <span class='ocrx_word' id='word_1_194' title='bbox 751 2476 848 2542; x_wconf 82' lang='lat' dir='ltr'><strong>vellet</strong></span> <span class='ocrx_word' id='word_1_195' title='bbox 873 2479 1077 2562; x_wconf 82' lang='lat' dir='ltr'><strong>episcopatus</strong></span> <span class='ocrx_word' id='word_1_196' title='bbox 1100 2477 1299 2554; x_wconf 88' lang='lat' dir='ltr'><strong>institueret,</strong></span> <span class='ocrx_word' id='word_1_197' title='bbox 1325 2474 1454 2556; x_wconf 87' lang='lat' dir='ltr'><strong>dignos·</strong></span> 
     </span>
     <span class='ocr_line' id='line_1_24' title="bbox 272 2563 1453 2650; baseline -0.001 -21"><span class='ocrx_word' id='word_1_198' title='bbox 272 2587 334 2647; x_wconf 91' lang='lat' dir='ltr'><strong>que</strong></span> <span class='ocrx_word' id='word_1_199' title='bbox 367 2565 532 2631; x_wconf 84' lang='lat' dir='ltr'><strong>cathedris</strong></span> <span class='ocrx_word' id='word_1_200' title='bbox 564 2567 729 2650; x_wconf 89' lang='lat' dir='ltr'><strong>episcopos</strong></span> <span class='ocrx_word' id='word_1_201' title='bbox 760 2567 961 2650; x_wconf 89' lang='lat' dir='ltr'><strong>praeficeret.</strong></span> <span class='ocrx_word' id='word_1_202' title='bbox 995 2563 1086 2648; x_wconf 78' lang='lat' dir='ltr'><strong>Quae</strong></span> <span class='ocrx_word' id='word_1_203' title='bbox 1119 2567 1227 2630; x_wconf 90' lang='lat' dir='ltr'><strong>omnia</strong></span> <span class='ocrx_word' id='word_1_204' title='bbox 1257 2585 1296 2628; x_wconf 83' lang='lat' dir='ltr'><strong>ex</strong></span> <span class='ocrx_word' id='word_1_205' title='bbox 1319 2584 1453 2628; x_wconf 90' lang='lat' dir='ltr'><strong>numero</strong></span> 
     </span>
     <span class='ocr_line' id='line_1_25' title="bbox 270 2653 1454 2740; baseline -0.001 -23"><span class='ocrx_word' id='word_1_206' title='bbox 270 2661 304 2718; x_wconf 88' lang='lat' dir='ltr'><strong>et</strong></span> <span class='ocrx_word' id='word_1_207' title='bbox 328 2655 433 2738; x_wconf 93' lang='lat' dir='ltr'><strong>gradu</strong></span> <span class='ocrx_word' id='word_1_208' title='bbox 460 2655 540 2721; x_wconf 91' lang='lat' dir='ltr'><strong>oleri</strong></span> <span class='ocrx_word' id='word_1_209' title='bbox 571 2657 780 2740; x_wconf 91' lang='lat' dir='ltr'><strong>locorumque</strong></span> <span class='ocrx_word' id='word_1_210' title='bbox 804 2657 966 2739; x_wconf 84' lang='lat' dir='ltr'><strong>dignitate</strong></span> <span class='ocrx_word' id='word_1_211' title='bbox 989 2656 1189 2740; x_wconf 89' lang='lat' dir='ltr'><strong>praestanda</strong></span> <span class='ocrx_word' id='word_1_212' title='bbox 1212 2655 1329 2734; x_wconf 82' lang='lat' dir='ltr'><strong>forent,</strong></span> <span class='ocrx_word' id='word_1_213' title='bbox 1353 2653 1454 2735; x_wconf 92' lang='lat' dir='ltr'><strong>copiis</strong></span> 
     </span>
     <span class='ocr_line' id='line_1_26' title="bbox 271 2743 1453 2825; baseline -0.003 -17"><span class='ocrx_word' id='word_1_214' title='bbox 271 2749 304 2808; x_wconf 89' lang='lat' dir='ltr'><strong>et</strong></span> <span class='ocrx_word' id='word_1_215' title='bbox 328 2765 427 2809; x_wconf 88' lang='lat' dir='ltr'><strong>censu</strong></span> <span class='ocrx_word' id='word_1_216' title='bbox 451 2747 515 2811; x_wconf 87' lang='lat' dir='ltr'><strong>rite</strong></span> <span class='ocrx_word' id='word_1_217' title='bbox 538 2745 702 2825; x_wconf 87' lang='lat' dir='ltr'><strong>fundaret,</strong></span> <span class='ocrx_word' id='word_1_218' title='bbox 726 2768 790 2811; x_wconf 90' lang='lat' dir='ltr'><strong>non</strong></span> <span class='ocrx_word' id='word_1_219' title='bbox 814 2753 926 2812; x_wconf 90' lang='lat' dir='ltr'><strong>autem</strong></span> <span class='ocrx_word' id='word_1_220' title='bbox 942 2747 1011 2812; x_wconf 92' lang='lat' dir='ltr'><strong>eius</strong></span> <span class='ocrx_word' id='word_1_221' title='bbox 1027 2745 1265 2812; x_wconf 89' lang='lat' dir='ltr'><strong>successoribus</strong></span> <span class='ocrx_word' id='word_1_222' title='bbox 1287 2743 1453 2807; x_wconf 91' lang='lat' dir='ltr'><strong>indultum</strong></span> 
     </span>
     <span class='ocr_line' id='line_1_27' title="bbox 271 2833 1454 2919; baseline -0.001 -23"><span class='ocrx_word' id='word_1_223' title='bbox 271 2833 378 2914; x_wconf 80' lang='lat' dir='ltr'><strong>fuisse,</strong></span> <span class='ocrx_word' id='word_1_224' title='bbox 394 2835 584 2918; x_wconf 88' lang='lat' dir='ltr'><strong>etamplius</strong></span> <span class='ocrx_word' id='word_1_225' title='bbox 600 2836 766 2902; x_wconf 91' lang='lat' dir='ltr'><strong>subdidit:</strong></span> <span class='ocrx_word' id='word_1_226' title='bbox 796 2835 910 2919; x_wconf 77' lang='lat' dir='ltr'><strong>»Quod</strong></span> <span class='ocrx_word' id='word_1_227' title='bbox 929 2844 1040 2901; x_wconf 90' lang='lat' dir='ltr'><strong>tamen</strong></span> <span class='ocrx_word' id='word_1_228' title='bbox 1059 2836 1266 2918; x_wconf 86' lang='lat' dir='ltr'><strong>privilegium</strong></span> <span class='ocrx_word' id='word_1_229' title='bbox 1286 2853 1351 2897; x_wconf 94' lang='lat' dir='ltr'><strong>non</strong></span> <span class='ocrx_word' id='word_1_230' title='bbox 1367 2837 1454 2896; x_wconf 89' lang='lat' dir='ltr'><strong>eate-</strong></span> 
     </span>
     <span class='ocr_line' id='line_1_28' title="bbox 271 2925 1454 3008; baseline -0.003 -21"><span class='ocrx_word' id='word_1_231' title='bbox 271 2946 332 2988; x_wconf 88' lang='lat' dir='ltr'><strong>nus</strong></span> <span class='ocrx_word' id='word_1_232' title='bbox 354 2925 389 2988; x_wconf 92' lang='lat' dir='ltr'><strong>in</strong></span> <span class='ocrx_word' id='word_1_233' title='bbox 412 2945 611 2990; x_wconf 88' lang='lat' dir='ltr'><strong>successores</strong></span> <span class='ocrx_word' id='word_1_234' title='bbox 633 2926 777 3006; x_wconf 89' lang='lat' dir='ltr'><strong>transiit,</strong></span> <span class='ocrx_word' id='word_1_235' title='bbox 801 2947 860 2990; x_wconf 92' lang='lat' dir='ltr'><strong>nec</strong></span> <span class='ocrx_word' id='word_1_236' title='bbox 883 2927 948 2990; x_wconf 92' lang='lat' dir='ltr'><strong>rite</strong></span> <span class='ocrx_word' id='word_1_237' title='bbox 971 2925 1204 3008; x_wconf 89' lang='lat' dir='ltr'><strong>aquibusdam</strong></span> <span class='ocrx_word' id='word_1_238' title='bbox 1228 2929 1454 3004; x_wconf 90' lang='lat' dir='ltr'><strong>nuncupatum</strong></span> 
     </span>
     <span class='ocr_line' id='line_1_29' title="bbox 271 3011 1454 3099; baseline -0.003 -22"><span class='ocrx_word' id='word_1_239' title='bbox 271 3020 328 3090; x_wconf 87' lang='lat' dir='ltr'><strong>est,</strong></span> <span class='ocrx_word' id='word_1_240' title='bbox 360 3021 399 3078; x_wconf 93' lang='lat' dir='ltr'><strong>ut</strong></span> <span class='ocrx_word' id='word_1_241' title='bbox 422 3023 593 3098; x_wconf 88' lang='lat' dir='ltr'><strong>practerea</strong></span> <span class='ocrx_word' id='word_1_242' title='bbox 617 3016 782 3099; x_wconf 89' lang='lat' dir='ltr'><strong>episcopos</strong></span> <span class='ocrx_word' id='word_1_243' title='bbox 813 3016 913 3080; x_wconf 90' lang='lat' dir='ltr'><strong>etiam</strong></span> <span class='ocrx_word' id='word_1_244' title='bbox 945 3016 1034 3097; x_wconf 88' lang='lat' dir='ltr'><strong>regio</strong></span> <span class='ocrx_word' id='word_1_245' title='bbox 1066 3014 1187 3078; x_wconf 92' lang='lat' dir='ltr'><strong>iudicio</strong></span> <span class='ocrx_word' id='word_1_246' title='bbox 1211 3019 1244 3078; x_wconf 89' lang='lat' dir='ltr'><strong>et</strong></span> <span class='ocrx_word' id='word_1_247' title='bbox 1272 3011 1454 3076; x_wconf 90' lang='lat' dir='ltr'><strong>sententiae</strong></span> 
     </span>
     <span class='ocr_line' id='line_1_30' title="bbox 271 3102 1454 3188; baseline -0.005 -20"><span class='ocrx_word' id='word_1_248' title='bbox 271 3103 445 3169; x_wconf 87' lang='lat' dir='ltr'><strong>submissos</strong></span> <span class='ocrx_word' id='word_1_249' title='bbox 469 3105 772 3188; x_wconf 81' lang='lat' dir='ltr'><strong>cogitarent.‹1mo</strong></span> <span class='ocrx_word' id='word_1_250' title='bbox 795 3105 967 3170; x_wconf 86' lang='lat' dir='ltr'><strong>subiunxit</strong></span> <span class='ocrx_word' id='word_1_251' title='bbox 983 3127 1055 3188; x_wconf 84' lang='lat' dir='ltr'><strong>pag.</strong></span> <span class='ocrx_word' id='word_1_252' title='bbox 1073 3109 1136 3169; x_wconf 77' lang='lat'><strong>262</strong></span> <span class='ocrx_word' id='word_1_253' title='bbox 1153 3102 1213 3168; x_wconf 91' lang='lat' dir='ltr'><strong>sub</strong></span> <span class='ocrx_word' id='word_1_254' title='bbox 1238 3123 1318 3167; x_wconf 86' lang='lat' dir='ltr'><strong>vers.</strong></span> <span class='ocrx_word' id='word_1_255' title='bbox 1342 3123 1454 3166; x_wconf 87' lang='lat' dir='ltr'><strong>verum</strong></span> 
     </span>
     <span class='ocr_line' id='line_1_31' title="bbox 271 3191 1453 3276; baseline -0.004 -19"><span class='ocrx_word' id='word_1_256' title='bbox 271 3194 385 3275; x_wconf 89' lang='lat' dir='ltr'><strong>legisse</strong></span> <span class='ocrx_word' id='word_1_257' title='bbox 400 3194 434 3257; x_wconf 92' lang='lat' dir='ltr'><strong>in</strong></span> <span class='ocrx_word' id='word_1_258' title='bbox 449 3192 638 3259; x_wconf 87' lang='lat' dir='ltr'><strong>Annalibus</strong></span> <span class='ocrx_word' id='word_1_259' title='bbox 655 3195 816 3260; x_wconf 91' lang='lat' dir='ltr'><strong>Ptolomei</strong></span> <span class='ocrx_word' id='word_1_260' title='bbox 839 3195 1005 3274; x_wconf 87' lang='lat' dir='ltr'><strong>Lucensis,</strong></span> <span class='ocrx_word' id='word_1_261' title='bbox 1029 3201 1063 3259; x_wconf 93' lang='lat' dir='ltr'><strong>et</strong></span> <span class='ocrx_word' id='word_1_262' title='bbox 1083 3195 1117 3258; x_wconf 91' lang='lat' dir='ltr'><strong>iu</strong></span> <span class='ocrx_word' id='word_1_263' title='bbox 1133 3214 1251 3276; x_wconf 90' lang='lat' dir='ltr'><strong>magno</strong></span> <span class='ocrx_word' id='word_1_264' title='bbox 1274 3191 1453 3274; x_wconf 89' lang='lat' dir='ltr'><strong>Belgarum</strong></span> 
     </span>
     <span class='ocr_line' id='line_1_32' title="bbox 271 3280 1453 3368; baseline -0.003 -22"><span class='ocrx_word' id='word_1_265' title='bbox 271 3281 441 3363; x_wconf 74' lang='lat' dir='ltr'><strong>Chronico,</strong></span> <span class='ocrx_word' id='word_1_266' title='bbox 457 3292 491 3348; x_wconf 89' lang='lat' dir='ltr'><strong>et</strong></span> <span class='ocrx_word' id='word_1_267' title='bbox 508 3284 650 3368; x_wconf 90' lang='lat' dir='ltr'><strong>denique</strong></span> <span class='ocrx_word' id='word_1_268' title='bbox 666 3285 753 3368; x_wconf 91' lang='lat' dir='ltr'><strong>apud</strong></span> <span class='ocrx_word' id='word_1_269' title='bbox 770 3283 955 3350; x_wconf 77' lang='lat' dir='ltr'><strong>Martinam</strong></span> <span class='ocrx_word' id='word_1_270' title='bbox 975 3284 1144 3363; x_wconf 92' lang='lat' dir='ltr'><strong>Polonum,</strong></span> <span class='ocrx_word' id='word_1_271' title='bbox 1168 3283 1291 3364; x_wconf 89' lang='lat' dir='ltr'><strong>Regem</strong></span> <span class='ocrx_word' id='word_1_272' title='bbox 1315 3280 1453 3362; x_wconf 89' lang='lat' dir='ltr'><strong>Hunga·</strong></span> 
     </span>
     <span class='ocr_line' id='line_1_33' title="bbox 271 3372 1453 3458; baseline -0.001 -24"><span class='ocrx_word' id='word_1_273' title='bbox 271 3373 339 3437; x_wconf 89' lang='lat' dir='ltr'><strong>riae</strong></span> <span class='ocrx_word' id='word_1_274' title='bbox 367 3375 526 3438; x_wconf 89' lang='lat' dir='ltr'><strong>monitum</strong></span> <span class='ocrx_word' id='word_1_275' title='bbox 560 3396 618 3457; x_wconf 89' lang='lat' dir='ltr'><strong>per</strong></span> <span class='ocrx_word' id='word_1_276' title='bbox 650 3375 780 3439; x_wconf 88' lang='lat' dir='ltr'><strong>litteras</strong></span> <span class='ocrx_word' id='word_1_277' title='bbox 805 3395 825 3438; x_wconf 90' lang='lat' dir='ltr'><strong>a</strong></span> <span class='ocrx_word' id='word_1_278' title='bbox 848 3375 1000 3440; x_wconf 87' lang='lat' dir='ltr'><strong>Paschali</strong></span> <span class='ocrx_word' id='word_1_279' title='bbox 1026 3395 1112 3458; x_wconf 91' lang='lat' dir='ltr'><strong>papa</strong></span> <span class='ocrx_word' id='word_1_280' title='bbox 1135 3373 1182 3438; x_wconf 85' lang='grc' dir='ltr'><strong>ΙΙ.</strong></span> <span class='ocrx_word' id='word_1_281' title='bbox 1207 3372 1311 3437; x_wconf 90' lang='lat' dir='ltr'><strong>eidem</strong></span> <span class='ocrx_word' id='word_1_282' title='bbox 1334 3391 1453 3435; x_wconf 89' lang='lat' dir='ltr'><strong>renun-</strong></span> 
     </span>
     <span class='ocr_line' id='line_1_34' title="bbox 272 3458 1468 3548; baseline -0.003 -22"><span class='ocrx_word' id='word_1_283' title='bbox 272 3464 369 3527; x_wconf 88' lang='lat' dir='ltr'><strong>tiasse</strong></span> <span class='ocrx_word' id='word_1_284' title='bbox 401 3464 613 3528; x_wconf 89' lang='lat' dir='ltr'><strong>investituras</strong></span> <span class='ocrx_word' id='word_1_285' title='bbox 645 3465 878 3548; x_wconf 86' lang='lat' dir='ltr'><strong>episcoporum,</strong></span> <span class='ocrx_word' id='word_1_286' title='bbox 911 3472 944 3530; x_wconf 90' lang='lat' dir='ltr'><strong>et</strong></span> <span class='ocrx_word' id='word_1_287' title='bbox 968 3465 1107 3530; x_wconf 91' lang='lat' dir='ltr'><strong>aliorum</strong></span> <span class='ocrx_word' id='word_1_288' title='bbox 1131 3484 1211 3545; x_wconf 87' lang='lat' dir='ltr'><strong>quos</strong></span> <span class='ocrx_word' id='word_1_289' title='bbox 1235 3463 1395 3544; x_wconf 91' lang='lat' dir='ltr'><strong>usquein</strong></span> <span class='ocrx_word' id='word_1_290' title='bbox 1419 3458 1468 3521; x_wconf 71' lang='lat' dir='ltr'><strong>id·</strong></span> 
     </span>
     <span class='ocr_line' id='line_1_35' title="bbox 271 3551 1453 3638; baseline -0.003 -22"><span class='ocrx_word' id='word_1_291' title='bbox 271 3560 408 3636; x_wconf 89' lang='lat' dir='ltr'><strong>tempus,</strong></span> <span class='ocrx_word' id='word_1_292' title='bbox 441 3575 563 3618; x_wconf 91' lang='lat' dir='ltr'><strong>aunum</strong></span> <span class='ocrx_word' id='word_1_293' title='bbox 587 3554 709 3618; x_wconf 90' lang='lat' dir='ltr'><strong>scilicet</strong></span> <span class='ocrx_word' id='word_1_294' title='bbox 736 3559 821 3618; x_wconf 78' lang='grc'>1112</span> <span class='ocrx_word' id='word_1_295' title='bbox 845 3576 937 3638; x_wconf 88' lang='lat' dir='ltr'><strong>reges</strong></span> <span class='ocrx_word' id='word_1_296' title='bbox 960 3555 1154 3636; x_wconf 88' lang='lat' dir='ltr'><strong>Hungariae</strong></span> <span class='ocrx_word' id='word_1_297' title='bbox 1178 3551 1298 3616; x_wconf 88' lang='lat' dir='ltr'><strong>habere</strong></span> <span class='ocrx_word' id='word_1_298' title='bbox 1322 3571 1453 3615; x_wconf 88' lang='lat' dir='ltr'><strong>consue-</strong></span> 
     </span>
     <span class='ocr_line' id='line_1_36' title="bbox 272 3642 1453 3728; baseline -0.003 -26"><span class='ocrx_word' id='word_1_299' title='bbox 272 3649 397 3707; x_wconf 88' lang='lat' dir='ltr'><strong>verunt.</strong></span> <span class='ocrx_word' id='word_1_300' title='bbox 421 3642 515 3708; x_wconf 86' lang='lat' dir='ltr'><strong>Idem</strong></span> <span class='ocrx_word' id='word_1_301' title='bbox 538 3664 612 3708; x_wconf 91' lang='lat' dir='ltr'><strong>cum</strong></span> <span class='ocrx_word' id='word_1_302' title='bbox 636 3645 705 3728; x_wconf 92' lang='lat' dir='ltr'><strong>ipsc</strong></span> <span class='ocrx_word' id='word_1_303' title='bbox 728 3650 839 3709; x_wconf 90' lang='lat' dir='ltr'><strong>actum</strong></span> <span class='ocrx_word' id='word_1_304' title='bbox 863 3645 950 3728; x_wconf 88' lang='lat' dir='ltr'><strong>quod</strong></span> <span class='ocrx_word' id='word_1_305' title='bbox 967 3645 1074 3710; x_wconf 89' lang='lat' dir='ltr'><strong>dictus</strong></span> <span class='ocrx_word' id='word_1_306' title='bbox 1089 3643 1238 3726; x_wconf 82' lang='lat' dir='ltr'><strong>pontifex</strong></span> <span class='ocrx_word' id='word_1_307' title='bbox 1253 3647 1364 3724; x_wconf 85' lang='lat' dir='ltr'><strong>egerat</strong></span> <span class='ocrx_word' id='word_1_308' title='bbox 1380 3660 1453 3705; x_wconf 91' lang='lat' dir='ltr'><strong>cum</strong></span> 
     </span>
     <span class='ocr_line' id='line_1_37' title="bbox 272 3730 1454 3817; baseline -0.003 -23"><span class='ocrx_word' id='word_1_309' title='bbox 272 3753 346 3814; x_wconf 88' lang='lat' dir='ltr'><strong>rege</strong></span> <span class='ocrx_word' id='word_1_310' title='bbox 363 3732 505 3815; x_wconf 83' lang='lat' dir='ltr'><strong>Angliae</strong></span> <span class='ocrx_word' id='word_1_311' title='bbox 529 3739 562 3796; x_wconf 89' lang='lat' dir='ltr'><strong>et</strong></span> <span class='ocrx_word' id='word_1_312' title='bbox 578 3733 724 3800; x_wconf 89' lang='lat' dir='ltr'><strong>Henrioo</strong></span> <span class='ocrx_word' id='word_1_313' title='bbox 740 3733 801 3801; x_wconf 84' lang='lat' dir='ltr'><strong>IV.</strong></span> <span class='ocrx_word' id='word_1_314' title='bbox 821 3735 1017 3817; x_wconf 87' lang='lat' dir='ltr'><strong>imperatore</strong></span> <span class='ocrx_word' id='word_1_315' title='bbox 1033 3756 1052 3798; x_wconf 91' lang='lat' dir='ltr'><strong>a</strong></span> <span class='ocrx_word' id='word_1_316' title='bbox 1067 3734 1186 3816; x_wconf 91' lang='lat' dir='ltr'><strong>quibus</strong></span> <span class='ocrx_word' id='word_1_317' title='bbox 1201 3732 1326 3814; x_wconf 92' lang='lat' dir='ltr'><strong>pariter</strong></span> <span class='ocrx_word' id='word_1_318' title='bbox 1342 3730 1454 3796; x_wconf 91' lang='lat' dir='ltr'><strong>huius·</strong></span> 
     </span>
     <span class='ocr_line' id='line_1_38' title="bbox 272 3821 1322 3908; baseline 0 -24"><span class='ocrx_word' id='word_1_319' title='bbox 272 3822 358 3886; x_wconf 91' lang='lat' dir='ltr'><strong>modi</strong></span> <span class='ocrx_word' id='word_1_320' title='bbox 382 3823 603 3904; x_wconf 79' lang='lat' dir='ltr'><strong>investiturae,</strong></span> <span class='ocrx_word' id='word_1_321' title='bbox 629 3825 678 3888; x_wconf 87' lang='lat' dir='ltr'><strong>vel</strong></span> <span class='ocrx_word' id='word_1_322' title='bbox 702 3825 783 3889; x_wconf 91' lang='lat' dir='ltr'><strong>alias</strong></span> <span class='ocrx_word' id='word_1_323' title='bbox 807 3845 973 3890; x_wconf 88' lang='lat' dir='ltr'><strong>concessas</strong></span> <span class='ocrx_word' id='word_1_324' title='bbox 996 3824 1128 3908; x_wconf 90' lang='lat' dir='ltr'><strong>penitus</strong></span> <span class='ocrx_word' id='word_1_325' title='bbox 1152 3821 1322 3887; x_wconf 82' lang='lat' dir='ltr'><strong>revocavit.</strong></span> 
     </span>
     <span class='ocr_line' id='line_1_39' title="bbox 379 3909 1453 3996; baseline -0.005 -21"><span class='ocrx_word' id='word_1_326' title='bbox 379 3909 550 3994; x_wconf 77' lang='lat' dir='ltr'><strong>Quatenus</strong></span> <span class='ocrx_word' id='word_1_327' title='bbox 581 3921 804 3996; x_wconf 88' lang='lat' dir='ltr'><strong>praeassertae</strong></span> <span class='ocrx_word' id='word_1_328' title='bbox 837 3915 969 3978; x_wconf 90' lang='lat' dir='ltr'><strong>litterae</strong></span> <span class='ocrx_word' id='word_1_329' title='bbox 1002 3913 1150 3980; x_wconf 84' lang='lat' dir='ltr'><strong>Silvestri</strong></span> <span class='ocrx_word' id='word_1_330' title='bbox 1181 3911 1229 3986; x_wconf 86' lang='grc' dir='ltr'><strong>Π,</strong></span> <span class='ocrx_word' id='word_1_331' title='bbox 1254 3931 1346 3975; x_wconf 87' lang='lat' dir='ltr'><strong>verae</strong></span> <span class='ocrx_word' id='word_1_332' title='bbox 1368 3909 1453 3986; x_wconf 88' lang='lat' dir='ltr'><strong>sint,</strong></span> 
     </span>
     <span class='ocr_line' id='line_1_40' title="bbox 272 3999 1453 4088; baseline -0.003 -24"><span class='ocrx_word' id='word_1_333' title='bbox 272 4007 400 4065; x_wconf 89' lang='lat' dir='ltr'><strong>retento</strong></span> <span class='ocrx_word' id='word_1_334' title='bbox 439 4008 549 4066; x_wconf 88' lang='lat' dir='ltr'><strong>tamen</strong></span> <span class='ocrx_word' id='word_1_335' title='bbox 588 4004 757 4069; x_wconf 91' lang='lat' dir='ltr'><strong>intellectu</strong></span> <span class='ocrx_word' id='word_1_336' title='bbox 788 4004 950 4084; x_wconf 77' lang='lat' dir='ltr'><strong>inchofer,</strong></span> <span class='ocrx_word' id='word_1_337' title='bbox 988 4003 1111 4088; x_wconf 90' lang='lat' dir='ltr'><strong>poterit</strong></span> <span class='ocrx_word' id='word_1_338' title='bbox 1149 4003 1225 4066; x_wconf 91' lang='lat' dir='ltr'><strong>inde</strong></span> <span class='ocrx_word' id='word_1_339' title='bbox 1263 4002 1367 4066; x_wconf 87' lang='lat' dir='ltr'><strong>solum</strong></span> <span class='ocrx_word' id='word_1_340' title='bbox 1405 3999 1453 4060; x_wconf 92' lang='lat' dir='ltr'><strong>in-</strong></span> 
     </span>
     <span class='ocr_line' id='line_1_41' title="bbox 273 4088 1453 4176; baseline -0.003 -23"><span class='ocrx_word' id='word_1_341' title='bbox 273 4090 352 4154; x_wconf 86' lang='lat' dir='ltr'><strong>t&#39;erri</strong></span> <span class='ocrx_word' id='word_1_342' title='bbox 375 4093 590 4174; x_wconf 90' lang='lat' dir='ltr'><strong>pertransisse</strong></span> <span class='ocrx_word' id='word_1_343' title='bbox 613 4094 647 4158; x_wconf 93' lang='lat' dir='ltr'><strong>in</strong></span> <span class='ocrx_word' id='word_1_344' title='bbox 662 4093 825 4176; x_wconf 90' lang='lat' dir='ltr'><strong>legitimos</strong></span> <span class='ocrx_word' id='word_1_345' title='bbox 841 4114 1038 4158; x_wconf 88' lang='lat' dir='ltr'><strong>successores</strong></span> <span class='ocrx_word' id='word_1_346' title='bbox 1061 4093 1154 4176; x_wconf 90' lang='lat' dir='ltr'><strong>regui</strong></span> <span class='ocrx_word' id='word_1_347' title='bbox 1177 4090 1364 4174; x_wconf 90' lang='lat' dir='ltr'><strong>Hungarici</strong></span> <span class='ocrx_word' id='word_1_348' title='bbox 1387 4088 1453 4171; x_wconf 88' lang='lat' dir='ltr'><strong>pri-</strong></span> 
     </span>
     <span class='ocr_line' id='line_1_42' title="bbox 273 4179 1454 4268; baseline -0.002 -27"><span class='ocrx_word' id='word_1_349' title='bbox 273 4180 425 4263; x_wconf 87' lang='lat' dir='ltr'><strong>vilegium</strong></span> <span class='ocrx_word' id='word_1_350' title='bbox 458 4183 648 4247; x_wconf 90' lang='lat' dir='ltr'><strong>nominandi</strong></span> <span class='ocrx_word' id='word_1_351' title='bbox 679 4183 842 4268; x_wconf 89' lang='lat' dir='ltr'><strong>praesules</strong></span> <span class='ocrx_word' id='word_1_352' title='bbox 866 4183 907 4248; x_wconf 90' lang='lat' dir='ltr'><strong>ad</strong></span> <span class='ocrx_word' id='word_1_353' title='bbox 931 4183 1020 4248; x_wconf 91' lang='lat' dir='ltr'><strong>illius</strong></span> <span class='ocrx_word' id='word_1_354' title='bbox 1048 4183 1260 4266; x_wconf 89' lang='lat' dir='ltr'><strong>episcopatus,</strong></span> <span class='ocrx_word' id='word_1_355' title='bbox 1284 4201 1364 4264; x_wconf 89' lang='lat' dir='ltr'><strong>quos</strong></span> <span class='ocrx_word' id='word_1_356' title='bbox 1387 4179 1454 4242; x_wconf 90' lang='lat' dir='ltr'><strong>Ro·</strong></span> 
     </span>
     <span class='ocr_line' id='line_1_43' title="bbox 273 4271 1453 4356; baseline -0.003 -23"><span class='ocrx_word' id='word_1_357' title='bbox 273 4271 360 4334; x_wconf 91' lang='lat' dir='ltr'><strong>mani</strong></span> <span class='ocrx_word' id='word_1_358' title='bbox 392 4271 561 4353; x_wconf 88' lang='lat' dir='ltr'><strong>pontifices</strong></span> <span class='ocrx_word' id='word_1_359' title='bbox 594 4273 784 4356; x_wconf 90' lang='lat' dir='ltr'><strong>approbent.</strong></span> <span class='ocrx_word' id='word_1_360' title='bbox 818 4273 859 4336; x_wconf 90' lang='lat' dir='ltr'><strong>In</strong></span> <span class='ocrx_word' id='word_1_361' title='bbox 890 4273 977 4336; x_wconf 92' lang='lat' dir='ltr'><strong>huuc</strong></span> <span class='ocrx_word' id='word_1_362' title='bbox 1009 4293 1139 4337; x_wconf 89' lang='lat' dir='ltr'><strong>sensum</strong></span> <span class='ocrx_word' id='word_1_363' title='bbox 1173 4271 1359 4354; x_wconf 89' lang='lat' dir='ltr'><strong>accipienda</strong></span> <span class='ocrx_word' id='word_1_364' title='bbox 1386 4287 1453 4333; x_wconf 89' lang='lat' dir='ltr'><strong>esse</strong></span> 
     </span>
     <span class='ocr_line' id='line_1_44' title="bbox 272 4358 1454 4441; baseline -0.003 -19"><span class='ocrx_word' id='word_1_365' title='bbox 272 4360 372 4424; x_wconf 88' lang='lat' dir='ltr'><strong>verba</strong></span> <span class='ocrx_word' id='word_1_366' title='bbox 404 4358 552 4426; x_wconf 76' lang='lat' dir='ltr'><strong>Galeotti</strong></span> <span class='ocrx_word' id='word_1_367' title='bbox 584 4363 702 4427; x_wconf 89' lang='lat' dir='ltr'><strong>Martii</strong></span> <span class='ocrx_word' id='word_1_368' title='bbox 735 4363 775 4428; x_wconf 89' lang='lat' dir='ltr'><strong>de</strong></span> <span class='ocrx_word' id='word_1_369' title='bbox 813 4363 910 4427; x_wconf 88' lang='lat' dir='ltr'><strong>dictis</strong></span> <span class='ocrx_word' id='word_1_370' title='bbox 948 4369 981 4426; x_wconf 94' lang='lat' dir='ltr'><strong>et</strong></span> <span class='ocrx_word' id='word_1_371' title='bbox 1020 4361 1116 4426; x_wconf 85' lang='lat' dir='ltr'><strong>factis</strong></span> <span class='ocrx_word' id='word_1_372' title='bbox 1148 4361 1315 4425; x_wconf 89' lang='lat' dir='ltr'><strong>Matthiae</strong></span> <span class='ocrx_word' id='word_1_373' title='bbox 1353 4358 1454 4441; x_wconf 85' lang='lat' dir='ltr'><strong>Regis</strong></span> 
     </span>
     <span class='ocr_line' id='line_1_45' title="bbox 273 4449 1453 4535; baseline -0.001 -22"><span class='ocrx_word' id='word_1_374' title='bbox 273 4449 468 4533; x_wconf 92' lang='lat' dir='ltr'><strong>Hungariae</strong></span> <span class='ocrx_word' id='word_1_375' title='bbox 491 4471 559 4534; x_wconf 91' lang='lat' dir='ltr'><strong>cap.</strong></span> <span class='ocrx_word' id='word_1_376' title='bbox 587 4457 626 4516; x_wconf 84' lang='grc'>18</span> <span class='ocrx_word' id='word_1_377' title='bbox 654 4472 727 4535; x_wconf 84' lang='lat' dir='ltr'><strong>pag.</strong></span> <span class='ocrx_word' id='word_1_378' title='bbox 744 4453 824 4516; x_wconf 92' lang='lat' dir='ltr'><strong>mihi</strong></span> <span class='ocrx_word' id='word_1_379' title='bbox 842 4457 906 4516; x_wconf 83' lang='lat'><strong>377</strong></span> <span class='ocrx_word' id='word_1_380' title='bbox 925 4452 959 4516; x_wconf 91' lang='lat' dir='ltr'><strong>in</strong></span> <span class='ocrx_word' id='word_1_381' title='bbox 980 4452 1117 4534; x_wconf 90' lang='lat' dir='ltr'><strong>princip.</strong></span> <span class='ocrx_word' id='word_1_382' title='bbox 1141 4449 1309 4515; x_wconf 87' lang='lat' dir='ltr'><strong>videlicet:</strong></span> <span class='ocrx_word' id='word_1_383' title='bbox 1336 4450 1453 4514; x_wconf 76' lang='lat' dir='ltr'><strong>»Hun-</strong></span> 
     </span>
     <span class='ocr_line' id='line_1_46' title="bbox 274 4539 1449 4627; baseline 0 -23"><span class='ocrx_word' id='word_1_384' title='bbox 274 4541 384 4622; x_wconf 90' lang='lat' dir='ltr'><strong>gariae</strong></span> <span class='ocrx_word' id='word_1_385' title='bbox 407 4541 492 4604; x_wconf 91' lang='lat' dir='ltr'><strong>enim</strong></span> <span class='ocrx_word' id='word_1_386' title='bbox 508 4563 601 4626; x_wconf 90' lang='lat' dir='ltr'><strong>reges</strong></span> <span class='ocrx_word' id='word_1_387' title='bbox 617 4544 780 4627; x_wconf 88' lang='lat' dir='ltr'><strong>episcopos</strong></span> <span class='ocrx_word' id='word_1_388' title='bbox 796 4543 923 4624; x_wconf 89' lang='lat' dir='ltr'><strong>eligunt</strong></span> <span class='ocrx_word' id='word_1_389' title='bbox 938 4563 1018 4624; x_wconf 90' lang='lat' dir='ltr'><strong>quos</strong></span> <span class='ocrx_word' id='word_1_390' title='bbox 1034 4539 1203 4624; x_wconf 88' lang='lat' dir='ltr'><strong>pontifices</strong></span> <span class='ocrx_word' id='word_1_391' title='bbox 1219 4541 1413 4606; x_wconf 89' lang='lat' dir='ltr'><strong>confirmant</strong></span> <span class='ocrx_word' id='word_1_392' title='bbox 1424 4561 1449 4618; x_wconf 73' lang='lat'><strong>3«</strong></span> 
     </span>
    </p>
   </div>
   <div class='ocr_carea' id='block_1_3' title="bbox 0 0 1740 5494">
    <p class='ocr_par' dir='ltr' id='par_1_3' title="bbox 0 0 1740 5494">
     <span class='ocr_line' id='line_1_47' title="bbox 0 0 1740 5494; baseline 0 0"><span class='ocrx_word' id='word_1_393' title='bbox 0 0 1740 5494; x_wconf 95' lang='lat' dir='ltr'><strong> </strong></span> 
     </span>
    </p>
   </div>
  </div>
 </body>
</html>
