3472 5494
290 451 354 510 2411
624 468 627 473 ·
785 455 971 507 3133113113
990 513 998 526 ⁴
1023 471 1026 476 ¹

289 652 357 708 13111
382 641 634 706 rationabilibus
658 648 691 705 31
707 641 769 722 piis
793 641 940 720 decretis
964 643 1108 704 31331313
1133 641 1378 723 episcopatuum
1403 641 1475 703 bul-

289 735 339 796 lae
372 733 414 796 ad
446 731 645 796 ordinariam
679 730 893 812 expeditionis
928 730 1012 794 viam
1035 728 1250 812 relegantur?
1275 728 1376 812 Quasi
1401 751 1476 793 vero

289 822 492 885 miserandus
516 821 593 884 olim
617 819 811 902 Hungariae
835 826 951 901 status,
985 820 1076 884 cuius
1100 821 1227 884 intuitu
1252 820 1376 902 gratiae
1400 820 1476 883 11133

290 935 309 975 3
332 933 355 975 3.
380 911 454 975 sede
478 931 645 974 concessae
666 909 807 989 fuerant,
827 910 897 972 iam
914 910 956 974 ad
971 910 1148 991 pristinum
1172 909 1284 973 florem
1307 909 1475 987 rediisset,

290 1021 363 1064 cum
388 1007 496 1064 tamen
521 1022 585 1063 non
609 998 784 1063 dubitatur
808 1021 899 1063 sacro
923 1000 1057 1081 collegio
1081 1005 1170 1063 certo
1195 1006 1353 1078 constare,
1378 999 1476 1062 Hun-

290 1091 415 1172 gariam
439 1091 474 1152 in
498 1090 566 1153 dies
583 1089 624 1153 ab
642 1089 873 1152 immanissimo
897 1089 1068 1154 christiani
1093 1089 1232 1152 nominis
1256 1089 1348 1153 hoste
1371 1089 1475 1170 magis

290 1190 322 1243 et
345 1181 449 1262 magis
473 1178 649 1255 absorberi,
683 1184 981 1261 consequenterque
1009 1179 1257 1260 episcopatuum
1281 1178 1476 1260 Hungariae

290 1275 465 1352 1113133133
489 1290 552 1332 3311
577 1269 670 1332 modo
694 1289 757 1330 nun
782 1269 980 1347 reviviscere,
1004 1269 1060 1332 sed
1084 1269 1192 1350 potius
1209 1289 1282 1332 3313
1306 1269 1385 1350 ipsis
1410 1268 1476 1350 epi·

290 1359 476 1441 scopatibus
493 1365 673 1422 extremam
689 1358 818 1420 ruinam
836 1359 972 1440 minari,
992 1359 1170 1422 multorum
1187 1358 1320 1421 interim
1337 1358 1476 1422 millium

290 1451 482 1524 animarum,
507 1455 578 1510 tum
602 1449 662 1512 sub
687 1449 762 1529 iugo
795 1447 933 1511 Turcico
966 1449 1174 1530 gementium,
1208 1455 1280 1512 tum
1306 1455 1408 1515 extra.
1435 1448 1475 1510 cb

290 1539 454 1602 1131331313
477 1539 699 1619 episcoporum
718 1544 979 1601 consecratorum
1004 1537 1148 1620 periculo
1167 1537 1341 1602 manifesto
1365 1537 1476 1600 ruina-

291 1649 354 1709 que
378 1627 530 1690 evidenti.
1102 1653 1103 1656 ¹

398 1716 449 1780 De
473 1715 712 1798 episcopatibus
736 1722 846 1779 autem
871 1714 1049 1796 Sirmiensi,
1074 1716 1246 1780 Bosuiensi
1266 1723 1298 1780 et
1322 1716 1477 1798 Transyl-

294 1805 439 1869 vaniensi
464 1807 563 1869 3113111
588 1805 735 1869 dubitari
759 1827 823 1868 non
851 1805 957 1884 debet,
991 1813 1104 1869 utrum
1137 1806 1179 1869 ad
1203 1826 1354 1870 coronam
1379 1805 1475 1868 Hun-

293 1897 404 1976 gariae
437 1897 633 1978 pertineant,
666 1901 742 1958 narn
775 1902 936 1976 quantum
969 1896 1011 1959 ad
1036 1893 1245 1960 Sirmiensem
1269 1901 1394 1959 3311313
1419 1902 1476 1973 est,

292 2007 383 2067 reges
416 1985 612 2067 Hungariae
646 1984 679 2047 in
705 2007 765 2048 usu
790 1985 973 2048 collationis
997 1985 1141 2048 eiusdem
1166 1985 1264 2049 fuisse
1288 1991 1321 2047 31
1345 2006 1413 2048 3333
1437 1985 1477 2048 de

291 2076 388 2155 13313,
421 2074 765 2156 confirmationemque
800 2074 842 2138 ab
881 2075 1140 2139 antecessoribus
1180 2095 1257 2138 3333
1290 2075 1477 2139 sanctitatis

290 2166 434 2229 eiusdem
467 2164 700 2228 difficultatem
733 2185 796 2226 non
828 2163 937 2242 tuisse,
967 2166 1016 2227 uti
1041 2171 1170 2228 33113131
1195 2165 1294 2228 etiam
1318 2163 1476 2228 31113313.

291 2264 435 2336 tempore
468 2253 645 2319 Clementis
669 2253 770 2319 VIH.
804 2274 889 2317 anno
914 2253 1084 2318 millesimo
1116 2255 1348 2318 sexcentesimo
1373 2253 1477 2335 prium

291 2351 324 2407 et
361 2352 505 2427 tempore
537 2343 635 2407 Pauli
669 2343 718 2421 V,
751 2363 836 2406 anno
875 2343 1045 2407 millesimo
1084 2344 1314 2408 sexcentesimo
1354 2342 1477 2406 decimo

291 2440 391 2513 sexto,
425 2434 690 2515 reliquorumque
723 2432 913 2515 pontificum
937 2433 978 2496 ab
1002 2433 1096 2498 annis
1125 2435 1197 2516 plus
1222 2455 1320 2514 quam
1345 2438 1476 2496 centuni

292 2524 355 2586 buc
380 2543 481 2603 usque
506 2529 565 2586 313.

399 2609 559 2676 Similiter
583 2617 708 2674 3311313
739 2618 795 2691 331,
830 2612 1051 2692 episcopatum
1077 2612 1287 2676 Bosuiensem
1310 2613 1475 2694 pertinere

291 2703 333 2765 311
356 2722 483 2766 sacram
507 2701 600 2783 regni
624 2700 819 2782 Hungariae
843 2722 1003 2780 coronam,
1028 2709 1330 2784 consequenterque
1353 2701 1395 2764 ad
1413 2701 1475 2764 ool·

291 2792 446 2855 lationem
470 2792 556 2873 regis
580 2789 783 2871 Hungariae,
808 2790 883 2855 hino
908 2791 1061 2872 estquod
1082 2792 1218 2856 ultimus
1243 2791 1387 2854 eiusdem
1412 2790 1476 2872 epi-

291 2901 404 2964 scopus
427 2887 644 2959 consecratus,
679 2887 822 2962 tempore
847 2881 975 2945 Urbani
1001 2881 1101 2945 VIII.
1127 2882 1168 2946 ad
1193 2881 1331 2945 eundem
1355 2903 1374 2944 a
1400 2900 1475 2962 rege

292 2970 486 3053 Hungariae
519 2971 714 3049 nominatus,
749 2969 1027 3034 confirmationem
1060 2993 1152 3036 suam
1186 2972 1255 3034 sine
1279 2969 1476 3033 difficultate

291 3062 443 3124 obtinuit.
1243 3093 1244 3096 ¹

399 3150 449 3214 De
483 3151 670 3232 episcopatu
703 3169 777 3212 1313
807 3149 1062 3230 Transylvaniae
1086 3150 1216 3213 omnino
1241 3147 1389 3213 dubitari
1413 3168 1476 3210 non

291 3246 406 3322 potest,
432 3241 571 3304 maxime
595 3259 635 3300 ex
660 3259 704 3317 eo,
731 3239 817 3320 quod
841 3239 884 3302 sit
908 3260 992 3302 unus
1016 3261 1056 3302 ex
1081 3240 1192 3302 decem
1212 3239 1339 3322 abipso
1364 3243 1476 3300 sancto

232 3383 233 3387 ,
292 3329 458 3412 Stephano
484 3347 560 3406 rege
586 3327 744 3406 fundatis,
778 3349 883 3409 neque
907 3329 1004 3392 debet
1029 3329 1169 3392 iudicari
1193 3351 1212 3392 a
1237 3350 1355 3393 corona
1380 3326 1477 3390 Hun-

293 3421 403 3500 gariae
436 3419 643 3484 abalienatus
677 3439 717 3480 ex
740 3438 785 3496 33,
813 3418 901 3498 quod
925 3419 1022 3482 semel
1045 3420 1195 3502 princeps
1220 3417 1475 3500 Transylvaniae

293 3509 482 3585 catholicus,
506 3507 735 3590 Sigismundus
759 3507 898 3570 Bathori
918 3509 1136 3572 nominaverit
1161 3508 1346 3590 episcopum
1372 3506 1477 3570 Tran-

291 3599 534 3680 sylvaniensem,
559 3618 635 3660 nam
654 3597 741 3660 circa
760 3598 820 3660 boc
835 3602 995 3679 punctum
1019 3599 1110 3662 curia
1135 3599 1285 3663 Romana
1308 3598 1356 3660 ita
1380 3596 1477 3659 (lebet

291 3688 470 3766 informari,
495 3688 581 3769 quod
606 3686 760 3750 nimirum
781 3694 925 3770 tempore
944 3689 1182 3769 praenominati
1199 3688 1356 3770 principis
1373 3685 1478 3750 Tran-

292 3779 455 3860 sylvaniae
488 3777 640 3841 catholici
675 3796 733 3839 rex
755 3776 951 3859 Hungariae
975 3797 1013 3840 ex
1038 3778 1143 3856 certis,
1168 3779 1271 3859 iisque
1296 3796 1477 3858 praegnan-

293 3868 382 3931 tibus
406 3867 589 3931 rationibus
613 3865 717 3929 eidem
736 3866 885 3949 principi,
906 3866 955 3930 uti
971 3866 1063 3930 affini
1080 3889 1146 3946 suo,
1164 3867 1359 3950 Rudolphus
1378 3867 1478 3946 impe-

292 3965 382 4022 rator
407 3963 439 4020 et
467 3962 575 4020 ectum
608 3977 667 4018 rex
699 3955 894 4038 Hungariae
918 3956 1111 4037 permiserat
1145 3957 1276 4038 quidem
1309 3956 1477 4020 nominare

294 4048 326 4110 in
360 4047 544 4129 episcopum
579 4045 834 4127 Transylvaniae
874 4047 1095 4128 praepositum
1132 4044 1340 4128 Agriensem,
1381 4065 1475 4126 quem

292 4138 374 4200 31133
398 4137 534 4218 ipsemet
557 4157 615 4199 rex
639 4133 834 4217 Hungariae
859 4144 891 4200 31
916 4157 1026 4199 333331
1050 4136 1244 4218 liudolphus
1268 4138 1302 4198 iu
1323 4133 1477 4214 Trausyl-

293 4225 422 4289 vaniam
446 4224 664 4307 ablegaverat,
689 4246 801 4289 verum
825 4226 1031 4307 postmodum
1054 4226 1305 4308 idemprineeps
1324 4223 1477 4304 Transyl-

293 4317 407 4380 vaniae
439 4315 547 4380 adhuc
571 4315 604 4377 in
628 4315 707 4378 vivis
740 4335 840 4395 agens
869 4322 975 4378 totum
999 4315 1081 4378 illud
1105 4315 1155 4380 ius
1179 4337 1253 4379 cum
1276 4321 1347 4378 1313
1373 4312 1476 4376 Tran-

292 4405 438 4486 sylvania
462 4425 575 4468 rursus
599 4404 668 4486 regi
693 4404 887 4486 Hungariae
911 4405 1067 4483 restituit,
1092 4405 1234 4469 1333133
1260 4405 1392 4487 quidem
1416 4423 1477 4464 usu

293 4503 326 4559 et
350 4495 492 4566 dominio
525 4493 658 4576 pacifico
691 4514 782 4574 reges
816 4493 1010 4575 Hungariae
1042 4495 1168 4558 tamdiu
1193 4495 1336 4574 luerunt,
1365 4513 1478 4575 quarn-

292 4585 349 4647 diu
382 4587 413 4647 111
447 4591 480 4648 31
512 4585 660 4665 1131311113
693 4583 875 4647 'furcarum
910 4605 981 4648 oum
1016 4584 1198 4664 haereticis
1238 4583 1479 4667 Transylrania
