3454 5492
464 447 481 485 Λ
507 445 626 486 naevia
650 445 709 485 um.
733 443 862 486 unorum
885 445 937 484 roo
962 430 1190 484 ronrnnmduaz.
1377 422 1418 482 97

237 620 413 704 apostolica
429 626 463 684 et
478 643 498 683 a
514 619 634 684 nostris
656 617 894 702 precessoribus
918 619 1092 702 Hungarie
1116 618 1248 702 regibus
1272 639 1420 683 concessa

236 731 451 776 successorem
485 709 548 772 tibi
580 709 741 788 idoneum,
773 709 909 774 servatis
942 709 982 774 de
1014 709 1085 773 iure
1117 714 1151 772 et
1184 708 1420 774 consuetudine

237 800 413 881 servandis,
446 799 510 864 rite
534 805 567 863 et
591 800 745 864 canonice
768 799 887 882 eligere
910 821 947 863 ac
972 799 1143 881 designare
1175 799 1285 882 possis,
1319 798 1422 879 nobie,

237 891 287 954 uti
311 891 380 973 regi
404 895 437 954 et
461 889 659 972 generaliter
691 889 836 953 omnium
868 889 961 972 regni
995 889 1097 954 nostri
1131 889 1341 954 ecclesiarum
1364 907 1421 972 pa-

237 985 331 1044 trono
355 978 618 1063 presentandum.
645 977 750 1061 Quem
774 979 802 1044 si
826 978 961 1060 dignum
986 984 1053 1060 tua,
1077 984 1254 1042 conventus
1278 975 1311 1043 et
1335 978 1422 1042 ordi-

237 1070 287 1136 nis
303 1069 400 1134 istius
415 1069 696 1136 commendacione
713 1069 973 1148 iudicaverimus,
991 1069 1133 1133 libenter
1149 1068 1299 1133 electioni
1315 1075 1421 1132 vestre

237 1159 485 1240 consenciamus,
502 1165 535 1222 et
550 1159 584 1223 in
602 1179 684 1238 eum,
709 1160 765 1241 qui
784 1161 829 1222 sic
849 1159 970 1224 electus
993 1159 1104 1237 fuerit,
1130 1159 1300 1238 abbatiam
1317 1159 1422 1242 ipsam

237 1251 341 1314 sancti
373 1249 524 1328 Martini,
557 1248 756 1313 auctoritate
779 1248 1055 1332 iurispatronatus
1087 1248 1191 1313 nostri
1223 1248 1314 1331 regii,
1347 1269 1422 1332 gra-

237 1339 321 1404 ciose
354 1339 563 1404 conferemus.
603 1337 729 1403 Datum
756 1338 893 1418 Vienna,
926 1337 1010 1402 feria
1042 1343 1163 1421 quarta
1194 1343 1268 1421 post
1299 1338 1422 1402 festum

236 1430 407 1495 beatorum
440 1427 581 1494 Simonis
604 1433 638 1492 et
661 1428 686 1493 J
689 1428 752 1492 ude
781 1429 1009 1512 apostolorum,
1043 1449 1128 1492 anno
1152 1428 1286 1500 Domini
1319 1427 1422 1492 mille-

237 1519 316 1585 simo
341 1519 600 1603 quingentesimo
627 1518 791 1583 tricesimo
817 1518 926 1582 tercio

345 1645 586 1711 Fordiuandus

345 1805 456 1858 Ktcul:
476 1804 638 1859 Reverendo
658 1804 771 1858 Matheo
791 1803 888 1857 abbati
908 1803 997 1857 sancti
1017 1803 1133 1860 Martini
1151 1803 1224 1858 sacri
1236 1802 1338 1856 montis
1352 1809 1421 1856 Pan-

237 1875 327 1942 nonio,
346 1877 423 1930 fideli
442 1877 522 1930 nobis
542 1877 653 1930 dilecto

345 2021 496 2087 (Eredetije
517 2039 533 2074 a
551 2021 761 2074 ment-martoni
781 2024 928 2090 fdapatsag
947 2021 1148 2074 leveltctraban.
1169 2028 1210 2074 21.
1231 2025 1326 2089 Capsa,
1346 2023 1386 2085 Ρ.)
1413 2026 1416 2034 ’

744 2293 912 2361 LXXVI.

679 2457 774 2517 1535.
800 2455 905 2536 majus
933 2459 982 2518 31.

238 2615 539 2697 Apoaooatalmi
571 2620 732 2680 monaster
765 2615 897 2699 Mthdlp
932 2615 1044 2681 hathui
1076 2618 1188 2696 cpdtot
1220 2618 1335 2696 apdttct
1367 2618 1422 2680 od-

338 2705 456 2788 lcsatja
479 2709 512 2770 c‘s
534 2725 555 2770 o
580 2705 762 2789 acroama
785 2703 987 2790 meparb'sc'te's
1009 2709 1110 2788 oe'pctt
1133 2705 1318 2788 bcmctutjc.

345 2866 414 2932 Nos
446 2872 622 2932 conventus
655 2867 844 2931 monasterii
877 2865 983 2931 sancti
1009 2865 1150 2930 Martini
1184 2865 1266 2930 sacri
1302 2868 1421 2931 montis

238 2957 406 3021 Pannonio
438 2958 591 3022 memorie
624 2958 884 3021 commendamus
918 2961 1030 3020 tenore
1062 2955 1274 3038 presencium,
1299 2956 1422 3038 signifi-

239 3052 349 3111 cantes
374 3047 493 3129 quibus
517 3047 648 3129 expedit
667 3047 835 3128 universis,
854 3047 941 3128 quod
965 3067 1022 3109 nos
1046 3045 1255 3109 attendentes
1271 3052 1304 3110 et
1320 3048 1421 3111 consi-

238 3137 389 3201 derantes
412 3137 602 3201 litterarum
617 3136 797 3218 scienciam,
819 3137 1004 3218 regularem
1019 3135 1271 3215 observanciam,
1296 3157 1422 3200 morum

238 3227 449 3308 honestatem,
474 3232 620 3291 sanctam
644 3226 931 3306 conversacionem,
945 3225 1173 3305 habilitatem,
1191 3225 1423 3290 dexteritatem

239 3323 272 3380 et
303 3317 432 3400 plenam
464 3316 698 3380 sufficienciam
737 3316 906 3381 reverendi
944 3316 1048 3399 patris
1088 3315 1209 3380 domiui
1248 3314 1423 3380 Michaelis

238 3406 369 3472 abbatis
402 3407 441 3470 de
474 3406 592 3485 Batha,
623 3407 760 3490 professi
793 3406 888 3470 istius
921 3406 1024 3471 nostri
1056 3405 1253 3485 monasterii,
1291 3406 1422 3489 aliaque

238 3495 414 3579 probitatis
446 3502 479 3560 et
510 3496 671 3561 virtutum
704 3496 831 3577 merita,
864 3495 984 3578 quibus
1016 3495 1123 3578 ipsum
1156 3516 1221 3559 non
1249 3497 1422 3578 peregrina

238 3587 380 3668 quadam
414 3587 702 3666 commendacione,
741 3587 796 3651 sed
829 3586 961 3668 propria
998 3591 1110 3650 nostra
1144 3585 1347 3668 experienoia
1380 3586 1421 3650 ab

239 3675 410 3740 Altissimo
434 3678 580 3741 novimus
605 3696 671 3758 esse
694 3677 896 3759 insignitum,
930 3675 1041 3740 confisi
1066 3677 1101 3739 in
1126 3696 1205 3739 sana
1233 3675 1334 3756 ipsius
1357 3674 1422 3739 fide

239 3773 272 3830 et
295 3766 477 3845 habilitate,
510 3767 658 3832 unanimi
688 3773 800 3832 nostra
824 3765 1061 3830 deliberacione
1085 3787 1123 3830 ac
1147 3785 1304 3830 consensu
1327 3765 1422 3847 pleno

238 3855 496 3920 reverendissimi
529 3857 564 3920 in
597 3854 728 3922 Christo
761 3856 865 3940 patris
901 3855 1023 3919 domiui
1060 3855 1190 3940 Mathai
1226 3855 1357 3919 abbatis
1390 3862 1423 3919 et

238 3947 357 4030 prelati
390 3947 502 4026 nostri,
536 3951 719 4011 ceterorum
750 3946 852 4011 eciam
886 3945 1045 4010 abbatum
1084 3944 1356 4010 monasteriorum
1389 3947 1423 4009 in

204 4105 206 4108 ,
239 4037 299 4100 hoc
330 4057 430 4118 regno
462 4036 636 4118 Hungarie
668 4037 881 4102 fundatorum
914 4035 1070 4100 electione
1103 4035 1144 4100 ad
1177 4035 1211 4098 id
1241 4035 1423 4116 accedente,

239 4148 280 4190 ne
302 4147 360 4208 per
384 4147 514 4208 gravem
538 4134 571 4190 et
595 4133 757 4190 senectam
781 4132 903 4190 etatem
926 4126 1028 4208 ipsius
1052 4125 1175 4189 domini
1198 4124 1337 4206 Mathai,
1356 4147 1424 4189 mo-

240 4216 333 4280 derni
349 4215 479 4281 abbatis
495 4221 527 4280 et
543 4217 660 4299 prelati
681 4216 794 4296 nostri,
812 4216 950 4280 abbacia
966 4222 999 4279 et
1015 4214 1249 4279 monasterium
1273 4221 1422 4280 nostrum

239 4306 404 4389 prefatum
437 4305 471 4370 in
504 4327 619 4370 manus
652 4307 811 4387 deveniat,
834 4306 869 4370 in
901 4305 1153 4369 diminucionem
1187 4305 1288 4369 divini
1313 4305 1422 4368 cultus

239 4396 409 4476 seculares,
433 4418 472 4460 ex
497 4397 643 4478 graciosa
659 4397 692 4460 in
708 4397 769 4460 hac
797 4401 891 4478 parte
915 4396 1008 4460 nobis
1032 4395 1215 4459 annuencia
1238 4400 1271 4458 et
1294 4415 1421 4458 conces-

239 4487 327 4551 sione
352 4487 546 4550 serenissimi
569 4486 726 4570 principis
743 4492 775 4550 et
793 4485 915 4550 domini
932 4485 1054 4550 domini
1073 4485 1287 4564 Fordinandi,
1313 4484 1423 4549 diviua

240 4577 369 4641 favente
393 4577 567 4646 clemencia
591 4578 821 4657 Romanorum,
854 4576 1036 4657 Hungarie,
1066 4576 1229 4655 Bohemie,
1254 4582 1313 4638 etc.
1338 4576 1423 4657 regis
1521 4661 1523 4666 ,

284 4697 458 4746 octavarum
481 4712 498 4746 u
521 4712 549 4746 u.
573 4712 599 4747 κ.
623 4709 743 4747 unorum
766 4709 816 4746 ros
840 4699 989 4745 udan-naz.
1302 4705 1315 4750 v
