3472 5494
295 462 361 522 238
793 467 980 522 ornaverunt

292 659 390 716 natus
414 651 590 715 eorundem
613 650 859 734 episcopatuum
883 650 1011 728 mansit,
1035 650 1086 714 uti
1103 650 1163 714 1100
1180 650 1287 732 ipsum
1304 649 1476 724 manifeste

292 748 384 825 patet
408 747 480 805 tum
496 761 535 804 ex
550 740 680 805 indulto
703 739 853 806 Silvestri
877 761 988 823 papae,
1005 740 1039 804 in
1056 761 1120 822 quo
1144 761 1294 822 expresse
1316 740 1476 806 habetur:

296 831 437 896 »Omnes
461 829 624 895 Ecclesiae
647 829 757 914 Regni
782 829 855 910 Tui,
879 836 1065 912 praesentes
1089 837 1122 894 01
1146 831 1276 895 futuras
1300 837 1379 894 ete«
1406 837 1477 894 tum

291 921 326 985 in
350 921 477 1003 legibus
510 919 603 1003 regni
632 920 836 1000 Hungariae,
870 919 1102 1002 praesentibus·
1132 920 1260 984 nunciis
1291 919 1476 1002 apostolicis

291 1011 442 1090 conditis,
466 1030 571 1092 neque
595 1010 905 1090 contradicentibus,
939 1011 1003 1074 imo
1036 1009 1191 1074 continuo
1218 1031 1278 1073 usu
1305 1010 1475 1074 roboratis

292 1098 472 1182 Signanter
493 1120 568 1164 vero
595 1099 773 1182 Tripartiti
789 1099 815 1164 J
817 1099 886 1163 uris
903 1100 1099 1182 Hungariae
1121 1105 1216 1182 parte
1239 1100 1354 1182 prima,
1378 1099 1476 1164 titulo

291 1189 463 1255 undecimo
483 1188 625 1253 habetur
647 1209 706 1272 per
735 1210 930 1271 expressum,
964 1189 1052 1272 quod
1076 1191 1243 1273 sequitur:
1281 1185 1475 1254 »Sciendum

291 1288 404 1345 autem
429 1279 515 1362 quod
539 1279 616 1343 licet
640 1299 785 1343 summus
809 1278 964 1344 Pontifex
987 1286 1047 1344 etc.

399 1368 512 1434 Primo
535 1367 663 1434 ratione
686 1368 890 1433 fundationis
914 1369 1137 1433 Ecclesiarum
1161 1375 1220 1432 etc.

400 1456 549 1523 Secundo
573 1457 701 1522 ratione
724 1466 893 1541 susceptae
918 1456 1180 1524 Christianitatis
1205 1465 1264 1522 010.

400 1547 514 1614 Το1110
537 1547 665 1612 ratione
688 1546 854 1630 legitimae
877 1547 1122 1631 prescriptionis
1147 1553 1207 1612 etc.

399 1634 526 1719 Quarto
558 1638 636 1720 ¹quia
668 1636 732 1702 ista
760 1637 897 1702 libertas
932 1638 1024 1720 regni
1051 1644 1213 1722 quantum
1238 1636 1280 1702 ad
1305 1635 1475 1701 beneficio·

292 1749 366 1791 rum
386 1733 465 1790 etc«

399 1813 570 1898 Quantum
603 1816 644 1880 ad
677 1818 784 1882 bullas
824 1815 1001 1883 Clementis
1033 1815 1114 1882 VII.
1147 1837 1184 1881 ae
1212 1813 1298 1880 Julii
1332 1816 1379 1881 Π.
1412 1816 1476 1880 11110

292 1905 424 1970 debitus
457 1906 559 1970 honor
591 1905 643 1986 sit,
676 1908 734 1972 ubi
766 1914 916 1990 receptae
949 1928 986 1970 ac
1019 1906 1184 1971 contrario
1213 1927 1274 1971 usu
1298 1907 1476 1988 abrogatae

292 2016 357 2059 11011
381 2001 476 2078 sunt;
500 2003 628 2060 certum
652 2002 762 2062 tamen
786 2003 844 2075 est,
863 2018 883 2060 0
899 1996 973 2060 sede
997 1996 1175 2078 apostolica
1198 1995 1232 2058 in
1256 2017 1355 2077 regno
1380 1994 1476 2058 Hun-

292 2086 404 2167 gariae
437 2087 636 2150 contrariam
670 2086 938 2152 consuetudinem
971 2108 1032 2150 usu
1065 2085 1220 2150 continuo
1260 2085 1474 2168 approbatam

291 2196 368 2256 esse,
392 2183 425 2240 et
450 2175 688 2240 nominationes
711 2199 731 2240 a
754 2175 886 2257 regibus
919 2175 1115 2258 Hungariae
1144 2176 1248 2240 factas
1272 2197 1330 2258 pro
1356 2175 1475 2258 episce-

292 2265 425 2346 patibus
441 2264 483 2330 ad
500 2264 695 2347 Hungariae
719 2287 872 2330 corenam
896 2267 1120 2348 spectantibus
1136 2265 1294 2329 admissas
1311 2273 1475 2347 010111110-

292 2354 528 2422 110100,1111000.
562 2351 633 2436 Quo
667 2356 735 2438 ipso
769 2356 923 2420 continuo
950 2377 1017 2434 usu,
1044 2363 1223 2439 apertoque
1247 2362 1279 2419 et
1304 2353 1475 2418 manifesto

292 2443 591 2526 sedisapostolicae
614 2466 771 2510 consensu
796 2445 1014 2528 approbatum
1031 2451 1064 2508 01
1081 2445 1284 2510 declaratum
1308 2452 1365 2523 est,
1390 2444 1476 2527 quod

293 2530 404 2596 bullae
435 2533 511 2597 illae
534 2555 598 2597 11011
623 2535 852 2617 praeiudicant
875 2535 944 2617 regi
968 2536 1152 2616 apostolico,
1186 2535 1234 2598 vel
1266 2534 1371 2615 pactis
1402 2554 1475 2596 cum

291 2622 367 2686 sede
390 2623 568 2705 apostolica
601 2623 701 2704 initis,
735 2631 880 2708 tempore
908 2625 1108 2690 reductionis
1133 2626 1239 2707 gentis
1264 2623 1476 2706 Hungaricae

291 2713 334 2775 ad
358 2711 455 2777 fidem
479 2713 682 2778 catholicam.
706 2714 793 2780 Nam
817 2715 844 2778 si
869 2714 964 2778 hodie
988 2736 1045 2778 rex
1069 2715 1221 2798 Angliae,
1245 2713 1336 2778 verbi
1360 2713 1475 2795 gratia,

291 2810 425 2883 pactum
449 2804 549 2866 iniret
572 2825 647 2868 cum
670 2804 745 2868 sede
768 2805 955 2887 apostolica,
981 2811 1019 2867 ut
1042 2806 1069 2868 si
1093 2805 1134 2869 ad
1160 2804 1353 2869 catholicam
1379 2802 1475 2866 fidem

292 2891 464 2956 reduceret
496 2899 653 2973 errantes,
686 2894 755 2976 ipse
787 2896 873 2960 solus
907 2895 1074 2958 nominare
1107 2895 1270 2977 episcopos
1293 2895 1327 2956 in
1351 2892 1474 2974 Anglia

291 2983 393 3063 possit
418 2978 523 3063 (salva
547 2984 704 3047 electione
728 2985 770 3048 ad
794 2985 1076 3063 consecrationem,
1111 3006 1195 3066 quae
1227 2983 1295 3048 sedi
1324 2982 1474 3064 apostoli-

292 3091 349 3134 cae
382 3070 551 3154 competit)
589 3095 719 3137 servare
751 3074 811 3139 1100
843 3081 977 3157 pactum
1016 3081 1186 3138 teneretur
1218 3096 1241 3138 s.
1274 3072 1374 3150 sedes,
1413 3071 1474 3136 nisi
1537 3100 1539 3102 ·

292 3161 430 3224 iuridiee
454 3161 494 3226 ob
519 3182 633 3244 graves
657 3185 771 3228 causas
795 3185 958 3228 successor
982 3165 1100 3246 aliquis
1116 3165 1176 3228 1100
1192 3164 1263 3227 iure
1278 3163 1474 3245 privaretur.

399 3249 541 3315 Accedit
564 3252 651 3334 quod
676 3253 753 3317 dum
779 3260 850 3318 tota
874 3254 980 3318 adhuc
1009 3253 1185 3336 Hungaria
1209 3260 1281 3318 erat
1305 3251 1474 3327 catholica,

243 3389 244 3392 ,
291 3340 382 3402 nulla
406 3341 537 3404 omnino
561 3341 687 3406 haeresi
711 3343 843 3416 iniecta,
866 3365 957 3426 reges
986 3343 1181 3425 Hungariae
1205 3365 1277 3407 cum
1302 3341 1474 3423 regnicolis

291 3430 509 3494 severissimas
533 3437 722 3497 statuerunt
755 3433 849 3515 leges,
884 3434 943 3496 sub
968 3435 1139 3498 amissione
1165 3433 1259 3511 vitae,
1293 3452 1333 3494 110
1358 3431 1430 3513 quis
1454 3452 1474 3493 a

291 3519 366 3584 sede
389 3521 568 3602 apostolica
592 3517 737 3604 (praeter
762 3518 1055 3604 confirmationem)
1075 3523 1232 3587 beneficia
1256 3520 1473 3585 ecclesiastiea

290 3609 491 3688 sollicitaret,
517 3612 567 3673 uti
591 3617 720 3676 constat
736 3633 776 3675 ex
796 3613 925 3676 decreto
949 3613 1089 3676 secundo
1109 3615 1195 3694 regis
1211 3611 1374 3676 Uladislai
1394 3611 1472 3674 arti-

291 3699 362 3762 culo
388 3699 554 3781 trigesimo
578 3703 691 3784 prime,
725 3724 809 3766 anno
834 3701 1003 3766 millesimo
1027 3701 1348 3785 quadringentesimo
1373 3720 1472 3763 nona-

290 3789 411 3872 gesimo
445 3789 559 3871 quinto
592 3799 751 3856 0111011010.
791 3792 984 3856 Praesentes
1024 3792 1114 3855 fuere
1150 3791 1320 3874 apostolici
1351 3789 1472 3865 nuncii,

291 3879 370 3942 dum
402 3879 463 3942 hae
496 3881 581 3962 leges
613 3882 789 3960 ferrentur,
822 3889 855 3944 et
888 3889 994 3945 tamen
1030 3882 1119 3946 sedes
1148 3882 1325 3965 apostolica
1348 3880 1471 3944 nullam

291 3968 351 4031 1100
375 3969 415 4032 de
439 3990 474 4032 re
496 3970 589 4033 litem
612 3971 721 4034 movit.
745 3969 843 4035 Nunc
866 3977 939 4053 post
963 3977 1013 4034 tot
1036 3978 1161 4036 aetates
1186 3978 1218 4035 et
1234 3972 1276 4035 ad
1293 3976 1471 4034 extremam

290 4058 420 4121 ruinam
444 4059 601 4124 inclinato
625 4061 820 4143 Hungariae
844 4065 944 4138 statu,
968 4067 1081 4124 utrum
1105 4062 1200 4126 hasce
1224 4061 1349 4124 odiosas
1367 4079 1471 4144 'quae-

289 4148 410 4210 stiones
434 4169 561 4213 movere
584 4151 744 4233 expediat,
768 4151 896 4232 sapiens
920 4149 1086 4214 diiudicet.

398 4237 471 4300 Iam
494 4240 521 4302 si
545 4246 614 4303 1010
637 4262 738 4322 regno
763 4239 958 4322 Hungariae
991 4241 1148 4304 catholieo
1181 4241 1348 4317 existente,
1381 4237 1471 4300 sedes

289 4326 467 4407 apostolica
500 4349 559 4393 nec
592 4329 717 4410 habuit,
750 4351 809 4393 nec
832 4330 1020 4411 praetendit
1043 4331 1093 4393 ius
1119 4329 1349 4393 nominationis
1374 4327 1471 4390 ullius

289 4416 495 4498 episcopatus
519 4439 656 4484 coronae
680 4419 874 4502 Hungariae
898 4421 1025 4499 annexi,
1049 4440 1136 4483 nune
1162 4419 1240 4483 dum
1259 4439 1378 4500 magna
1394 4437 1470 4499 pars

289 4506 455 4570 haeretica
479 4514 535 4588 est,
560 4509 638 4573 dum
662 4511 761 4573 etiam
785 4509 958 4574 acatholici
980 4515 1101 4591 putant
1127 4511 1249 4591 regiam
1266 4511 1469 4573 maiestatem

291 4597 394 4659 teneri
428 4595 478 4660 ius
511 4605 657 4662 veterum
690 4599 885 4681 Hungariae
917 4619 1031 4680 regum
1064 4600 1245 4677 defendere,
1285 4597 1468 4662 consultum
