3458 5492
805 469 992 522 ornnvmria

810 759 994 825 CXXXV.

724 923 819 982 1627.
844 924 1023 1000 augusztus
1049 921 1076 981 5.

516 1081 691 1162 Pdrmdrry
715 1081 885 1145 melle'lclete
910 1101 950 1144 aa
973 1079 1113 1144 eldbbenr'
1136 1080 1280 1144 levelber.

417 1239 449 1306 S.
473 1242 659 1325 Stephanus
683 1265 741 1306 rex
765 1242 962 1325 Hungariae
986 1243 1083 1306 titulo
1107 1243 1309 1325 apostolatus
1335 1248 1367 1306 et
1399 1263 1491 1324 prae-

309 1331 463 1395 ferendae
487 1333 592 1396 crucis
615 1338 777 1415 potestate
801 1332 985 1414 insignitus.

417 1420 597 1501 Bonfinius,
621 1423 686 1487 dec.
713 1427 740 1486 2.
765 1421 934 1486 Historiae
952 1421 1164 1504 Hungaricae
1180 1421 1234 1485 lib.
1254 1425 1281 1482 1.
1298 1419 1343 1484 sic
1360 1421 1491 1485 scribit:

420 1511 490 1574 »Re
505 1511 549 1574 ad
566 1520 715 1576 senatum
731 1513 845 1591 relata,
858 1512 1096 1594 provoluntate
1112 1511 1198 1592 regis
1214 1519 1247 1574 et
1263 1509 1365 1591 legati
1381 1518 1492 1592 postu-

309 1601 440 1678 latione,
464 1599 553 1663 nullo
577 1602 765 1682 refragante
790 1602 987 1680 decernitur,
1011 1606 1049 1663 ut
1074 1621 1137 1663 non
1164 1600 1258 1664 modo
1290 1600 1492 1664 christianis·

310 1690 410 1754 simus
433 1711 490 1752 rex
515 1691 604 1772 regia
628 1711 748 1755 corona
768 1691 916 1770 donetur,
932 1691 967 1754 in
983 1711 1083 1772 regno
1100 1691 1278 1771 apostolica
1294 1690 1492 1753 auctoritate

310 1778 530 1859 confirmetur,
563 1787 596 1844 et
620 1781 706 1862 regis
730 1788 804 1844 acta
829 1787 947 1844 cuncta
970 1801 1044 1843 cum
1067 1780 1230 1844 institutis
1254 1780 1493 1862 episcopatibus

311 1869 553 1951 approbentur,
576 1891 688 1934 verum
712 1871 820 1948 etiam,
846 1872 923 1952 quia
948 1890 1042 1932 verus
1066 1875 1099 1933 et
1122 1869 1207 1933 fidus
1230 1869 1293 1932 Dei
1321 1869 1411 1932 miles
1444 1876 1493 1932 est

311 1967 343 2022 et
368 1959 541 2041 apostolus
564 1961 606 2023 ad
630 1961 891 2042 exaggerandam
916 1960 984 2022 eius
1009 1959 1205 2041 dignitatem
1231 1959 1264 2022 in
1298 1965 1492 2042 perpetuum

311 2047 497 2131 pontificiae
520 2049 691 2130 legationis
715 2050 850 2132 insigne,
874 2071 939 2132 qua
957 2049 1020 2112 sibi
1039 2049 1240 2132 posterisque
1257 2048 1388 2130 regibus
1412 2069 1493 2112 sem-

312 2159 368 2220 per
393 2137 486 2219 fungi
509 2139 559 2202 fas
583 2140 634 2216 sit,
659 2139 893 2221 praeferendae
917 2138 1022 2204 crucis
1045 2145 1208 2220 potestate
1228 2139 1446 2202 honestetur«

421 2227 598 2309 Tripartiti
622 2229 727 2311 operis
750 2237 844 2312 parte
871 2235 898 2292 1.
923 2229 974 2292 tit.
1006 2233 1063 2291 ll:

424 2316 622 2400 »Propterea
647 2319 729 2382 duas
756 2339 883 2400 quoque
909 2339 1021 2381 cruces
1053 2337 1111 2399 per
1143 2317 1350 2381 collationem
1378 2316 1495 2380 summi

313 2406 483 2488 pontilicis,
502 2408 536 2470 in
554 2410 682 2491 signum
699 2429 777 2472 suae
793 2409 988 2486 sanctitatis,
1004 2407 1091 2489 quod
1108 2407 1232 2470 scilicet
1248 2429 1306 2470 rex
1322 2413 1355 2470 et
1371 2411 1494 2488 aposto-

313 2497 364 2560 lus
388 2497 473 2560 iuste
497 2498 668 2576 diceretur,
693 2498 790 2579 digne
814 2499 935 2560 meruit
959 2497 1079 2560 habere
1103 2517 1161 2579 pro
1177 2518 1343 2560 armorum
1360 2496 1495 2577 insigni-

314 2587 391 2667 bus,
415 2586 501 2650 unde
521 2589 562 2651 ab
579 2589 666 2652 illius
683 2595 828 2670 ternpore
845 2608 922 2668 gens
939 2586 1133 2667 Hungarica
1150 2585 1351 2667 duplicatam
1367 2605 1495 2648 crucem

314 2697 373 2758 pro
396 2676 496 2740 armis
521 2698 559 2740 ac
582 2677 765 2758 insignibus
790 2677 911 2740 habere
939 2677 1064 2760 pariter
1088 2685 1121 2738 et
1146 2682 1273 2756 gestare
1301 2675 1495 2739 consuevit«

421 2765 581 2830 Ludovici
612 2768 639 2831 I.
664 2767 830 2830 decretum
854 2767 888 2829 iu
914 2765 1158 2830 confirmatione
1189 2765 1311 2828 decreti
1342 2763 1498 2828 Andreae

315 2855 466 2918 secundi:

425 2944 667 3008 »Exhibucrint
684 2945 777 3008 nobis
793 2945 951 3026 quasdam
967 2945 1080 3008 literas
1099 2944 1325 3026 privilegiales,
1345 2944 1498 3007 illustris-

315 3035 387 3098 simi
410 3033 566 3116 principis
586 3034 708 3097 domini
734 3033 889 3098 Andreae
913 3034 1056 3113 secundi,
1080 3033 1139 3097 filii
1164 3035 1264 3098 Belae
1288 3035 1373 3116 regis
1398 3034 1497 3110 tertii,

316 3124 392 3187 olim
416 3123 531 3205 inclyti
555 3125 640 3204 regis
665 3123 860 3206 Hungariae
883 3124 935 3186 avi
960 3134 992 3186 et
1016 3123 1272 3206 praedecessoris
1299 3124 1403 3187 nostri
1426 3123 1498 3205 piae

316 3214 559 3289 recordationis,
584 3234 683 3276 aurea
707 3236 766 3277 sua
790 3214 881 3277 bulla
905 3214 1076 3276 roboratas
1099 3213 1334 3294 libertatesque
1354 3214 1498 3295 ipsorum

316 3325 372 3386 per
412 3304 650 3366 sanctissimum
692 3302 895 3385 Stephanum
940 3303 1126 3385 Ungaricae
1167 3304 1274 3384 gentis
1316 3323 1424 3384 regem
1467 3308 1499 3364 et

316 3393 498 3476 apostolum
533 3388 584 3472 (ut
613 3393 775 3474 praedicti
798 3392 913 3455 literae
938 3389 1165 3473 declarabant)
1194 3393 1271 3474 ipsis
1295 3393 1497 3456 institutas«

425 3482 465 3545 ln
497 3483 565 3545 rita
599 3479 630 3546 S.
655 3480 813 3564 Stephani
838 3481 879 3544 ab
904 3483 1051 3563 episcopo
1076 3475 1290 3566 [Chartuitio]
1316 3483 1499 3564 conscripta

317 3573 395 3635 haec
419 3572 590 3654 leguntur:

429 3662 536 3724 »Mire
553 3661 754 3724 exhilaratus
771 3661 918 3743 pontifex
935 3661 1086 3742 precibus
1109 3655 1189 3744 ill[is
1212 3654 1365 3742 libenter]
1383 3660 1500 3723 annuit

318 3747 487 3832 (nimirum
511 3750 619 3832 quoad
643 3771 795 3814 coronam
818 3748 956 3831 regiam)
978 3744 1197 3833 [crucemque]
1216 3759 1292 3815 ante
1308 3771 1417 3833 regem
1441 3770 1499 3813 ceu

318 3841 519 3923 apostolatus
542 3841 669 3921 insigne
694 3834 914 3923 [gestanldam
939 3840 1108 3903 adiunxit:
1140 3862 1206 3923 ege,
1238 3841 1398 3923 iuquiens,
1429 3861 1500 3903 sum

318 3931 522 4012 apostolicus,
556 3936 591 3993 at
625 3930 679 3993 ille
703 3931 819 3993 merito
844 3927 967 3994 Christi
992 3929 1157 4012 apostolus
1181 3931 1245 3994 dici
1270 3937 1383 4013 potest,
1409 3931 1500 3992 cuius

318 4041 416 4102 opera
440 4026 571 4083 tanturn
594 4019 750 4101 populum
774 4020 837 4083 sibi
853 4017 1005 4084 Christus
1030 4020 1230 4100 acquisivit«

427 4109 553 4172 Eadem
586 4109 686 4173 habet
718 4109 893 4173 cardinalis
927 4109 1147 4174 Bellarminus
1179 4109 1234 4172 lib.
1269 4113 1297 4172 3.
1331 4109 1370 4171 de
1395 4107 1500 4171 officio

319 4200 475 4282 principis
499 4199 531 4260 in
556 4200 624 4261 vita
648 4197 679 4263 S.
703 4196 870 4280 Stephani.

427 4355 603 4422 (Ugyauott.)
