3472 5494
504 412 523 448 a
546 410 667 450 naevia
690 410 749 448 nia.
773 409 903 448 naevum
925 409 978 448 Joe
1001 396 1229 452 ronnhvnrhnnz.
1392 389 1455 448 247

380 581 474 648 Haec
498 587 609 646 autem
637 582 744 645 omnia
769 581 898 644 videtur
923 580 1095 663 expediens
1119 580 1267 645 stabilire
1289 603 1348 663 pro
1371 581 1457 646 bono

272 673 368 755 pacis,
402 678 435 735 et
457 693 515 754 pre
538 673 644 735 salute
668 672 799 736 illarum
824 671 1016 750 animarum,
1050 691 1089 733 ne
1114 671 1154 734 ob
1179 670 1367 752 frequentes
1392 671 1456 734 dis-

273 763 442 842 sensiones,
466 782 504 824 ac
523 761 808 844 tergiversationes
827 761 1070 824 nominatorum
1089 767 1147 824 aut
1163 766 1458 842 praesentatorem,

272 851 423 915 ecclesiae
447 851 578 934 proprio
600 858 730 932 pastore
754 851 879 914 diutius
895 855 1085 914 remaneant
1101 849 1279 913 destitutae
1295 872 1353 932 per
1372 851 1454 915 viam

272 947 449 1023 perpetuae
475 941 673 1020 concordiae,
699 947 894 1018 contractus,
918 946 951 1002 et
975 941 1062 1021 pacti
1079 939 1167 1003 inter
1183 939 1290 1004 sedem
1306 940 1459 1021 apostoli-

273 1051 352 1110 cam,
377 1036 409 1094 et
441 1051 581 1094 summos
613 1029 791 1112 pontifices,
815 1051 852 1093 ac
876 1050 967 1110 reges
991 1029 1184 1110 Hungariae
1216 1051 1274 1111 pro
1304 1035 1456 1111 tempore,

273 1141 345 1183 eum
363 1119 552 1183 necessariis
569 1119 732 1186 mandatis
756 1127 789 1184 et
813 1117 1035 1198 facultatibus,
1059 1140 1117 1202 pro
1138 1125 1278 1200 utraque
1295 1127 1399 1202 parte,
1425 1128 1457 1182 et

273 1209 464 1274 confirmare
488 1230 559 1272 eam
583 1230 640 1291 per
663 1210 788 1273 bullam
811 1207 1021 1292 pontificiam.

380 1354 416 1412 (A
435 1326 563 1402 vatikani
582 1351 765 1403 leveltarban.
785 1349 912 1400 Nuntiat.
936 1352 1028 1401 Germ.
1051 1353 1111 1401 Vol.
1133 1356 1173 1400 33.
1194 1365 1220 1415 p.
1242 1350 1296 1409 34·)

783 1633 945 1699 OLXXI.

631 1799 633 1802 ’
681 1802 775 1862 1665.
801 1798 1002 1880 szeptember
1029 1803 1056 1861 5.

272 1959 303 2022 A
326 1957 407 2021 be‘csi
442 1957 589 2020 interdieta
617 1957 849 2037 prcocszhodilc
873 1977 913 2022 aa
937 1955 1202 2020 diicwvtithdrhoa
1225 1956 1272 2019 iri
1288 1955 1458 2038 jelecte‘sr-

272 2048 331 2111 bert
356 2067 377 2110 c
400 2067 538 2130 mappae·
566 2047 739 2128 pitspo'leo'h
773 2066 858 2110 caeo
890 2045 1035 2128 eijdroisc
1067 2047 1159 2124 edere,
1190 2046 1274 2129 kopp
1302 2066 1323 2109 o
1351 2046 1457 2126 peipoi

347 2140 548 2219 anapaestos
571 2137 734 2218 eloperae
758 2137 832 2200 eloti
854 2135 973 2216 fdpcpi
990 2136 1124 2219 jopclect
1145 2136 1379 2219 pyolcoroheclc.

379 2279 646 2343 Eminentissimo
672 2285 732 2343 etc.

380 2370 429 2432 La
462 2369 590 2450 pratica
623 2369 707 2433 delle
740 2368 858 2432 notitie
890 2369 923 2432 in
957 2369 1015 2432 che
1048 2367 1098 2432 sti)
1126 2391 1185 2451 per
1208 2375 1380 2451 proggetto
1405 2369 1455 2433 dei

273 2460 359 2522 buon
384 2459 515 2523 servitio
539 2458 598 2521 che
620 2481 730 2541 premo
755 2458 813 2540 qui
837 2457 870 2520 di
893 2459 1029 2522 rendere
1053 2460 1086 2522 in
1111 2459 1350 2540 adempimento
1375 2459 1457 2522 delle

271 2549 334 2611 mie
366 2549 463 2631 parti,
497 2550 542 2611 mi
574 2548 617 2610 ha
649 2547 859 2612 manifestato
893 2571 938 2610 un
970 2550 1072 2613 abuso
1105 2549 1250 2614 notabile
1275 2548 1456 2612 intrcdotto

273 2638 355 2700 nelle
380 2638 486 2701 chiese
511 2638 539 2701 d⁷
557 2637 736 2720 Ungheria,
761 2637 819 2700 che
842 2658 900 2719 per
923 2659 1009 2702 esser
1032 2644 1103 2702 atto
1127 2640 1176 2702 col
1200 2637 1343 2720 tempoa
1364 2658 1457 2702 recar

272 2727 463 2809 pregiuditii
497 2727 589 2810 gravi
621 2729 674 2793 all⁷
699 2725 844 2791 autorita
878 2747 1029 2809 suprema
1063 2728 1147 2792 della
1181 2738 1276 2792 santa
1307 2728 1390 2806 sede,
1414 2728 1456 2792 hc

271 2817 403 2880 stimato
436 2818 620 2899 espediente
653 2817 835 2881 notificarlo
868 2815 887 2876 a
921 2825 1030 2882 vostra
1064 2819 1238 2882 eminenza.
1272 2816 1456 2881 Ardiscono

271 2907 380 2970 alcuni
404 2907 528 2970 vescovi
551 2907 585 2970 di
610 2908 685 2989 quel
708 2928 807 2988 regno
841 2928 966 2988 appena
999 2907 1158 2971 nominati
1183 2907 1225 2971 da
1249 2929 1308 2971 sua
1330 2907 1455 2971 maesta

271 3015 429 3076 caesarea,
447 2997 529 3059 senz’
546 3002 711 3079 aspettare
729 2995 758 3058 d'
775 3016 862 3059 esser
878 2996 969 3060 eletti
986 3002 1025 3060 ne
1050 2998 1243 3060 confermati
1267 2997 1308 3060 da
1332 3003 1455 3060 coteste

271 3091 368 3165 corte,
392 3087 521 3167 ponersi
554 3087 588 3149 in
622 3086 736 3150 habito
768 3085 936 3167 prolatitio
969 3093 1001 3149 et
1033 3086 1213 3151 intrudersi
1237 3087 1290 3150 nel
1313 3107 1455 3168 possesso

271 3180 303 3238 et
327 3175 622 3240 amministratione
644 3177 684 3238 de
707 3175 782 3240 beni
807 3175 985 3257 temporah
1018 3173 1110 3239 Altri
1135 3197 1193 3240 eon
1218 3177 1310 3258 egval
1333 3177 1455 3238 animc-

271 3263 334 3328 sita
369 3266 499 3346 quando
532 3287 608 3329 sono
643 3266 684 3329 da
718 3286 847 3328 caesare
878 3266 1038 3328 nominati
1061 3287 1120 3348 per
1142 3267 1174 3330 la
1199 3266 1455 3330 translationet

271 3375 376 3417 nuova
408 3355 525 3434 chiesa,
558 3357 669 3420 avanti
695 3355 724 3418 d’
749 3375 853 3419 essere
886 3356 990 3418 seiolti
1019 3357 1285 3419 canonicamente
1309 3355 1363 3418 dai
1387 3355 1455 3417 vin-

270 3444 331 3507 coli
348 3444 433 3508 della
449 3445 554 3527 prima
573 3445 780 3508 s'intitclano
805 3445 929 3508 vescovi
953 3446 1039 3510 della
1062 3446 1209 3525 soconda,
1235 3445 1455 3509 essercitando

270 3533 303 3596 in
327 3537 443 3614 questa
469 3535 508 3616 gl’
534 3535 595 3598 atti
620 3535 653 3597 di
678 3534 906 3616 giurisditione
930 3555 947 3597 e
971 3534 1053 3617 degl’
1070 3535 1186 3616 ordini,
1210 3535 1369 3599 ancorche
1392 3535 1455 3598 illi-

271 3623 327 3686 citi
349 3624 464 3687 enulli
487 3645 544 3706 per
570 3623 687 3688 difcttc
712 3624 1030 3707 dell'approvatione
1053 3625 1238 3708 apostolica.
1263 3624 1456 3706 Monsigncr

270 3711 303 3774 di
314 3711 485 3795 Vesprimo
510 3719 526 3776 e
550 3736 614 3778 uno
641 3714 674 3777 di
700 3715 799 3796 quelli
823 3714 881 3777 che
905 3715 1072 3778 nominato
1096 3716 1161 3780 alla
1185 3715 1293 3778 chiesa
1317 3714 1350 3777 di
1375 3712 1454 3778 Gia-

269 3802 381 3865 varino
406 3803 462 3885 gia
486 3825 562 3867 sono
586 3805 660 3868 sett’
670 3805 748 3867 anni
771 3806 799 3869 si
824 3809 930 3867 tratta
949 3803 991 3866 da
1010 3824 1141 3868 vescovo
1166 3804 1198 3867 di
1224 3810 1317 3886 quest
1338 3805 1455 3869 ultima

271 3893 362 3972 citta,
386 3907 481 3956 senza
504 3899 638 3958 nomene
663 3914 748 3957 esser
772 3898 860 3958 stato
883 3900 1072 3957 consecrato
1096 3895 1208 3976 peria
1232 3893 1346 3975 prima.
1380 3891 1454 3957 Gosi

269 3981 396 4062 pratica
429 3984 615 4064 monsignor
648 3983 732 4047 Palfi
764 3996 895 4047 vescovo
927 3981 1161 4062 Chanadiense,
1194 3983 1252 4046 che
1288 3984 1454 4048 nominato

270 4071 559 4136 successivemente
599 4074 681 4154 dopo
721 4074 753 4135 la
792 4073 1033 4136 consecratione
1066 4072 1085 4133 a
1118 4073 1174 4156 piir
1213 4072 1318 4136 chiese
1356 4073 1454 4154 hoggi

270 4161 292 4222 s'
308 4160 441 4224 intitola
465 4183 595 4226 vescovo
620 4163 652 4226 di
668 4160 775 4244 Agria
800 4185 816 4226 e
841 4184 936 4226 senza
960 4183 1104 4226 essserne
1128 4162 1328 4226 confermato
1354 4183 1453 4226 esser-

269 4250 335 4312 cita
358 4251 387 4313 le
412 4250 554 4315 funtioni
587 4253 754 4316 vescovali.
787 4251 883 4316 Anco
908 4253 931 4317 il
959 4272 1090 4316 vescovo
1115 4253 1148 4316 di
1172 4251 1284 4316 Nitria
1316 4252 1364 4315 ch'
1389 4273 1405 4314 e
1430 4252 1452 4314 il

271 4340 460 4404 cancelliere
485 4341 518 4404 di
544 4342 634 4405 detto
667 4362 767 4424 regno
800 4341 898 4424 hoggi
922 4341 948 4404 si
973 4347 1078 4406 tratta
1112 4342 1153 4406 da
1186 4343 1386 4406 arcivesoovo
1420 4342 1453 4404 di

269 4426 399 4493 Golocia
434 4450 493 4493 con
527 4432 545 4494 l‘
574 4432 688 4496 istesso
723 4430 861 4495 diffetto.
895 4431 924 4493 E
956 4431 1073 4513 perche
1106 4432 1203 4496 simili
1236 4432 1356 4496 licente
1389 4452 1452 4494 non

271 4539 363 4582 meno
397 4521 584 4586 scandalose
617 4521 702 4584 nella
735 4521 841 4586 chiesa
875 4520 909 4584 di
942 4520 1006 4584 Dio
1038 4521 1097 4584 che
1129 4520 1356 4604 pregiudiciali
1388 4521 1453 4585 aila
