3436 5500
462 458 480 496 a
504 457 625 496 aleran
648 457 708 496 nm.
731 457 861 495 urorum
885 457 938 497 ooo
961 443 1188 496 rdsrdrnmtuaa.
1378 437 1419 496 33

238 629 409 694 Bononia.
435 677 441 691 .
467 680 472 690 .
498 650 554 693 seu
576 650 634 712 per
653 630 790 694 liberam
816 630 1091 711 resignationem.
1116 639 1154 690 .’.
1179 627 1310 693 abbatis
1325 627 1422 691 Mon-

201 779 206 790 ,
237 719 391 783 tisoliveti
408 717 616 782 Aretinensis
640 719 775 784 diocesis
791 720 840 782 vel
865 717 986 783 Sefridi
1003 719 1043 782 de
1059 716 1212 800 Senburg
1228 767 1234 781 .
1252 766 1258 780 .
1275 767 1281 780 .
1308 723 1422 798 sponte

237 809 341 872 factas
373 815 466 872 vacet
490 857 496 872 .
520 857 527 871 .
552 857 559 870 .
594 830 667 873 cum
700 809 850 873 omnibus
885 809 1014 892 juribus
1047 814 1080 872 et
1111 807 1319 890 pertinentiis
1355 809 1422 870 suis

237 898 342 961 eidem
366 897 543 964 Valentino
567 899 766 963 auctoritate
791 905 904 962 nostra
928 898 1075 962 conferas
1091 945 1097 960 .
1115 945 1148 959 ..
1173 905 1281 961 amoto
1305 897 1422 960 exinde

238 988 384 1069 quolibet
408 987 577 1051 detentore
593 1037 600 1051 .
617 1036 648 1051 ..
673 1009 737 1052 non
761 988 1044 1053 obstantibus...
1068 987 1094 1050 si
1118 987 1295 1050 venerabili
1323 986 1422 1050 fratri

237 1086 348 1141 nostro
373 1077 519 1160 episcopo
538 1077 774 1160 Vesprimiensi
798 1085 830 1142 et
854 1077 981 1141 dilectis
1005 1076 1080 1140 filiis
1103 1075 1205 1159 priori
1229 1084 1262 1141 et
1286 1096 1421 1139 conven-

237 1167 288 1230 tui
311 1167 397 1231 dicte
421 1167 534 1231 domus
558 1216 564 1230 .
590 1216 596 1230 .
621 1216 627 1230 .
652 1189 672 1230 a
695 1168 783 1232 dicta
807 1169 851 1232 sit
875 1167 949 1230 sede
972 1167 1146 1246 indultum,
1167 1167 1254 1248 quod
1273 1166 1315 1229 ad
1335 1185 1422 1228 rece-

237 1257 381 1338 ptionem
405 1256 454 1319 vel
478 1257 692 1338 provisionem
715 1257 854 1321 aliorum
877 1257 1010 1320 minime
1035 1262 1211 1320 teneantur
1226 1257 1269 1320 ad
1286 1255 1319 1319 id
1336 1275 1422 1318 com-

237 1347 343 1428 pelli.
368 1395 374 1408 .
399 1395 406 1409 .
439 1345 508 1410 Nos
541 1347 627 1409 enim
659 1346 842 1430 prioratum
874 1347 1059 1428 predictum
1091 1366 1129 1408 ac
1161 1345 1249 1409 illius
1281 1346 1422 1428 priorem

237 1459 295 1518 pro
320 1443 464 1517 tempore
488 1437 681 1500 existentem
706 1436 766 1501 sub
790 1442 936 1500 nostram
961 1443 993 1501 et
1017 1435 1107 1499 beati
1130 1435 1223 1498 Petri
1246 1436 1420 1518 protectio·

237 1548 310 1588 uem
335 1526 535 1608 suscipimus.
559 1525 719 1590 Volumus
742 1532 854 1589 autem
879 1525 965 1608 quod
999 1524 1105 1590 dictus
1129 1524 1358 1591 Valentinus.
1383 1573 1389 1587 .
1415 1571 1421 1586 .

237 1615 346 1681 omnia
369 1619 401 1678 et
426 1616 554 1697 singula
579 1615 691 1680 debita
714 1636 773 1698 pro
797 1615 1047 1679 necessitatibus
1071 1615 1152 1678 dicti
1175 1615 1341 1697 prioratus
1363 1635 1421 1695 per

236 1704 373 1768 eundem
390 1704 599 1769 Bernardum
624 1711 658 1768 ct
676 1702 862 1768 Antonium
885 1710 1062 1782 contracta,
1084 1703 1172 1768 infra
1191 1725 1314 1768 annum
1337 1723 1421 1769 asser

237 1794 376 1858 cutionis
409 1793 595 1858 huiusmodi
630 1795 894 1876 computandum,
933 1794 1056 1858 solvere
1093 1799 1256 1872 teneatur,
1289 1793 1422 1876 ipseque

237 1884 339 1947 abbas
381 1882 619 1949 Montisoliveti
658 1905 768 1948 omnes
800 1890 834 1948 et
867 1884 1011 1964 singulas
1044 1905 1095 1947 res
1125 1903 1206 1965 quas
1240 1882 1283 1947 ad
1315 1884 1423 1965 ipsum

238 1974 420 2054 prioratum
444 1978 522 2036 tuuc
546 1974 780 2038 monasterium
803 1975 861 2055 per
876 1994 908 2038 se
925 1974 973 2036 vel
995 1973 1095 2038 alium
1120 1973 1253 2051 tulerat,
1270 1973 1422 2054 recipere,

239 2063 334 2126 etde
358 2062 453 2126 illis.
478 2111 485 2126 .
509 2111 516 2125 .
541 2063 711 2145 disponere
735 2063 843 2126 valeat
865 2111 872 2126 .
898 2111 904 2126 .
930 2113 936 2126 .
961 2062 1087 2126 Datum
1110 2063 1213 2126 Rome
1237 2063 1325 2144 apud
1349 2083 1421 2125 san-

237 2159 327 2216 ctum
359 2152 497 2216 Petrum
530 2174 614 2216 anno
639 2159 698 2216 etc.
723 2151 892 2216 millesimo
926 2146 1247 2234 quadringentesimo
1281 2151 1422 2234 quadra-

238 2243 357 2324 gesimo
382 2242 527 2325 septimo,
552 2244 689 2324 septimo
709 2241 865 2306 kalendas
881 2241 1072 2305 Decembris
1088 2236 1301 2325 pontificatus
1317 2241 1421 2304 nostri

240 2353 325 2395 anno
348 2332 460 2416 prime.

238 2575 275 2628 Η
306 2509 379 2639 23(Δ)
407 2505 534 2559 vatikani
562 2505 746 2558 leveltarban.
774 2509 895 2574 Regesta
924 2506 1070 2558 Bullarum
1097 2505 1243 2560 Vaticana.
1262 2506 1323 2560 Vol.
1352 2513 1421 2572 385.,

250 2593 284 2628 0.
341 2587 365 2630 4.

764 2866 901 2933 XXVI.

673 3051 766 3110 1448.
790 3048 908 3129 januar
933 3052 984 3111 28.

243 3227 276 3288 V.
294 3225 415 3289 Miletos
427 3228 520 3305 pcipe
536 3245 577 3289 aa
593 3226 778 3308 eaeterpomt
798 3228 920 3290 e'rselcet
937 3226 1104 3308 tzluosaja
1127 3227 1211 3310 bopp
1227 3249 1247 3292 o
1264 3227 1422 3310 Mupyur-

236 3319 350 3398 orsay
367 3314 532 3397 jeveirac
548 3316 708 3395 populat
733 3316 888 3380 utalaam
912 3316 1184 3399 hivdltse‘pleoelelc
1201 3337 1221 3382 a
1240 3319 1422 3382 seem-sees

527 3405 749 3470 leoe'ltdrcibaa
773 3425 848 3469 aevu
872 3407 1051 3470 toldlbato'lc
1074 3405 1129 3486 fol.

345 3583 503 3666 Dionysio
528 3584 619 3648 tituli
643 3586 747 3649 sancti
772 3584 894 3650 Ciriaci
918 3587 950 3649 in
977 3586 1113 3650 thermis
1137 3587 1327 3668 presbytero
1353 3607 1422 3649 car-

237 3675 339 3737 dinali
364 3695 401 3738 ac
426 3674 642 3756 Strigonieusi
666 3675 918 3758 archiepiscopo,

345 3763 468 3828 Dilecti
491 3764 539 3827 fili
563 3765 701 3829 salutem
725 3772 785 3828 etc.
815 3764 965 3829 Dilectus
989 3765 1075 3830 filius
1099 3765 1255 3830 Nicolaus
1280 3766 1422 3829 decanus

237 3851 468 3932 OracovicnsiS,
502 3875 606 3936 nuper
629 3855 670 3918 ad
695 3876 760 3934 nos,
794 3861 950 3938 exparte
974 3855 1175 3937 prelatorum
1200 3875 1237 3918 ac
1261 3856 1421 3920 baronum

238 3943 331 4024 regni
351 3941 506 4024 Ungarie,
531 3950 642 4008 orator
667 3945 884 4025 transmissus,
909 3945 996 4008 inter
1020 3951 1170 4008 ceterae
1194 3946 1287 4010 nobis
1312 3951 1422 4027 postu-

236 4032 325 4110 lavit,
359 4040 397 4096 ut
421 4033 696 4114 privilegiadicti
720 4037 820 4116 regni,
851 4057 909 4117 per
933 4035 1104 4098 nonnullos
1128 4035 1292 4098 Romanos
1315 4035 1422 4117 ponti-

238 4121 322 4200 fices,
362 4122 600 4204 predecessores
635 4130 762 4188 nostros
796 4146 954 4202 concessa,
994 4123 1185 4189 confirmare
1223 4125 1422 4188 auctoritate

237 4213 412 4292 apostolica
446 4213 665 4294 dignaremur.
699 4211 773 4294 Qua
806 4215 839 4276 in
873 4235 908 4277 re
941 4215 1061 4277 honore
1085 4222 1118 4278 et
1142 4215 1315 4278 commodis
1341 4214 1422 4277 dicti

236 4302 336 4382 regni,
361 4301 413 4365 cui
437 4303 568 4383 speciali
593 4304 742 4367 caritatis
765 4302 886 4366 affectu
910 4303 1081 4384 afficimur,
1098 4305 1266 4368 consulere
1290 4305 1421 4386 cupien-

239 4397 294 4468 tes,
328 4412 401 4455 cum
433 4391 678 4474 privilegiorum
712 4391 856 4474 ipsorum
889 4395 981 4476 copia
1014 4395 1101 4476 apud
1126 4415 1183 4458 nos
1207 4395 1298 4457 nulla
1324 4399 1420 4471 extet,

237 4480 560 4562 circumspeccionem
597 4489 689 4545 tuam
728 4483 908 4562 hortamur,
948 4491 1109 4565 quatenus
1147 4483 1318 4568 privilegia
1351 4483 1423 4565 ipsa

237 4571 428 4634 transscribi
453 4579 485 4635 et
510 4572 544 4634 in
568 4572 734 4653 publicam
767 4578 800 4635 et
833 4573 1056 4636 authenticam
1089 4575 1227 4638 formam
1260 4573 1365 4654 redigi
1389 4578 1422 4634 et

280 4690 454 4737 ornnvdnrln
478 4704 495 4738 Δ
520 4706 547 4738 u.
571 4705 598 4738 κ.
623 4705 742 4738 unorum
765 4705 815 4740 ooo
838 4697 989 4740 reprensa,
1298 4705 1311 4748 3
