3436 5500
442 465 460 502 1
484 463 605 502 uxorare
628 463 687 502 xm.
711 463 842 502 xrovuar
865 462 917 501 100
941 449 1169 502 100111111011.
1349 441 1389 498 25

208 641 281 718 0001
314 639 347 698 01
380 639 494 697 000110
527 633 778 697 reservationem
812 639 844 696 et
878 633 1045 698 decretum
1069 631 1225 715 predicta,
1258 640 1296 696 ut
1320 655 1392 716 pre-

208 724 364 803 mittitur,
398 723 438 786 de
470 723 558 786 facto
591 728 797 804 attemptata,
829 729 928 805 prout
961 728 1064 801 erant,
1097 723 1194 786 irrita
1218 727 1251 785 et
1279 723 1392 786 inania
1428 775 1430 780 ,

209 818 408 896 reputantes,
446 833 484 876 00
517 812 559 877 ad
589 812 805 894 provisionem
845 812 988 876 eiusdem
1026 811 1157 876 ecclesie
1190 812 1326 876 celerem
1359 819 1391 875 et

208 903 342 982 felicem,
376 902 416 964 de
450 923 515 983 qua
550 901 659 964 nullus
691 909 802 983 preter
835 923 891 966 nos
924 901 984 965 hac
1016 901 1084 964 vice
1115 923 1149 966 se
1172 901 1391 966 intromittere

208 993 317 1075 potuit
341 992 406 1056 sive
430 997 537 1073 potest
560 992 779 1055 reservatione
803 997 835 1055 et
859 991 989 1054 decreto
1022 990 1254 1055 obsistentibus
1278 1013 1392 1074 supra-

209 1082 314 1161 dictis,
347 1103 388 1144 ne
419 1081 518 1145 etiam
552 1081 621 1162 ipsa
647 1081 741 1163 longe
765 1081 944 1144 vacationis
968 1087 1151 1161 exponatur
1173 1081 1392 1160 incommodis.

209 1171 354 1254 paternis
378 1177 411 1235 et
443 1171 578 1234 solicitis
611 1170 729 1234 studiis
761 1171 978 1248 intendentes,
1010 1175 1083 1252 post
1116 1170 1392 1250 deliberationem,

209 1282 307 1342 quam
332 1261 371 1324 de
395 1259 591 1343 preficiendo
615 1259 720 1323 eidem
744 1261 875 1324 ecclesie
898 1281 1069 1342 personam
1099 1260 1212 1324 utilem
1237 1267 1269 1324 et
1293 1261 1392 1323 etiam

211 1350 421 1429 fructuosam,
438 1371 512 1413 cum
535 1350 696 1414 iratribus
720 1350 840 1414 nostris
864 1349 1038 1415 habuimus
1062 1349 1245 1432 diligenter,
1263 1350 1392 1413 demum

210 1440 251 1503 ad
276 1447 362 1504 te...
387 1440 564 1504 direximus
596 1439 705 1504 oculos
738 1446 848 1503 nostre
881 1439 1006 1517 mentis,
1040 1439 1159 1520 quibus
1189 1440 1392 1503 omnibus...

209 1531 353 1612 pensatis
377 1529 416 1592 de
440 1550 577 1611 persona
600 1536 712 1593 tua...
730 1529 834 1592 eidem
858 1529 1043 1593 ecclesie...
1060 1529 1275 1610 providemus,
1296 1535 1392 1609 teque

209 1619 258 1682 illi
281 1619 464 1702 preficimus
488 1619 522 1681 in
547 1618 731 1701 episcopum
748 1625 781 1681 01
795 1625 1012 1701 pastorem...
1029 1617 1155 1682 Datum
1178 1619 1281 1683 Rome
1304 1618 1393 1700 apud

209 1715 360 1772 sanctum
392 1708 530 1771 Petrum
564 1729 648 1771 anno
677 1707 912 1772 incarnationis
937 1707 1096 1771 dominice
1119 1709 1288 1773 millesimo
1314 1730 1393 1789 qua-

209 1798 463 1880 dringentesimo
498 1797 745 1879 quadragesimo
779 1798 894 1880 quinto
926 1798 1031 1880 pridie
1061 1818 1162 1862 nonas
1186 1797 1211 1861 J
1214 1798 1283 1880 unij
1308 1818 1393 1860 anno

210 1887 458 1969 quintodecimo

317 2048 353 2106 (A
372 2044 499 2097 vatikani
528 2044 709 2096 leveltarban.
740 2049 860 2113 Regesta
888 2043 1033 2096 Bullarum
1056 2043 1187 2096 Datariae
1207 2043 1327 2112 Eugenii
1346 2048 1392 2097 IV.

210 2121 306 2168 Annus
326 2121 386 2168 XV.
405 2116 490 2169 Liber
510 2124 561 2182 61,
584 2114 632 2168 fol.
653 2116 736 2178 2051.)

748 2403 852 2467 ΧΙΧ.

666 2571 760 2630 1445.
784 2567 895 2648 junius
919 2570 948 2628 4.

212 2728 238 2791 I
240 2727 273 2789 Γ.
297 2727 416 2809 110000
446 2732 538 2808 01100
561 2750 581 2792 a
605 2727 724 2791 0111011
752 2731 975 2810 pre'postsdpot
1008 2725 1184 2808 Topolreci
1215 2725 1394 2789 ι[1000001

670 2818 923 2900 0110011000000.

319 2979 487 3060 Eugenius
512 2987 571 3042 etc.
596 2979 726 3043 Dilecto
750 2979 817 3044 filio
832 2978 980 3043 Johanni
1000 2978 1039 3041 de
1057 2976 1216 3058 Tapolcza
1240 2976 1393 3039 canonico

210 3070 343 3133 ecclesie
367 3068 595 3133 Waradiensis
627 3071 832 3133 decretorum
861 3067 987 3132 doctori
1010 3067 1149 3130 salutem
1172 3073 1276 3130 etc...
1309 3063 1394 3130 Cum

210 3161 323 3240 itaque
355 3158 561 3240 prepositura
593 3160 724 3223 ecclesie
749 3158 985 3238 Waradiensis,
1018 3177 1116 3238 quam
1141 3156 1280 3219 dilectus
1307 3155 1393 3218 filius

210 3248 381 3312 Johannes
413 3249 534 3312 electus
564 3248 790 3313 Waradiensis
823 3255 969 3330 tempore
1001 3246 1213 3328 promotionis
1246 3267 1303 3328 per
1337 3266 1394 3308 nos

210 3339 298 3402 facte
322 3339 360 3401 de
384 3359 520 3420 persona
544 3359 603 3401 sua
627 3339 668 3402 ad
693 3339 861 3402 ecclesiam
884 3336 1134 3400 Waradiensem
1162 3342 1242 3399 tunc
1265 3341 1394 3418 pastore

210 3435 376 3491 carentem
399 3427 578 3506 obtinebat,
602 3435 700 3509 prout
723 3428 859 3507 obtinet,
883 3448 942 3509 per
957 3425 1192 3508 promotionem
1209 3424 1394 3488 huiusmodi

211 3527 243 3581 et
268 3539 386 3581 munus
409 3518 660 3582 consecrationis
684 3519 789 3582 eidem
813 3518 914 3580 electo
938 3515 1170 3597 imponendum
1193 3536 1307 3578 vacare
1324 3535 1394 3595 spe·

211 3614 321 3688 retur,
354 3628 411 3670 000
434 3608 576 3671 volentes
601 3607 715 3686 tibi..,
745 3608 886 3689 gratiam
908 3607 1015 3670 facere
1039 3605 1218 3687 specialem,
1252 3604 1395 3687 0100001-

212 3704 322 3760 turam
354 3696 544 3778 predictam,
578 3718 640 3778 que
674 3704 790 3760 curata
814 3702 847 3760 et
870 3697 1014 3778 dignitas
1039 3695 1142 3776 major
1167 3700 1240 3776 post
1264 3692 1394 3776 pontifi-

211 3787 313 3850 calem
336 3787 370 3850 in
395 3787 483 3849 dicta
507 3787 642 3850 ecclesia
665 3787 786 3865 existit,
811 3793 844 3848 et
868 3787 909 3848 ad
927 3807 1026 3868 quam
1043 3785 1115 3866 quis
1131 3806 1190 3866 per
1205 3785 1394 3848 electionem

211 3876 398 3955 assumitur,
419 3877 576 3958 cuiusque
599 3877 728 3940 fructus
751 3875 900 3940 redditus
924 3882 956 3939 et
979 3881 1154 3957 proventus
1179 3874 1394 3938 ducentorum

211 3973 245 4029 et
270 3965 511 4048 quinquaginta
542 3965 739 4029 florenorum
770 3966 844 4030 auri
877 3965 916 4028 de
949 3986 1130 4028 0010010...
1155 3965 1296 4028 valorem
1329 3984 1393 4026 non

211 4056 381 4132 excedunt,
415 4077 489 4118 cum
522 4056 612 4120 illam
646 4061 683 4118 ut
716 4056 881 4138 prefertur
907 4063 966 4118 aut
990 4076 1048 4136 per
1071 4055 1198 4136 lapsum
1231 4053 1394 4135 temporis,

210 4145 253 4208 de
275 4145 500 4208 consecrandis
525 4146 680 4227 episcopis
705 4169 725 4209 a
748 4145 927 4209 canonibus
950 4143 1096 4212 diffiniti.
1120 4166 1176 4207 seu
1204 4143 1285 4207 alias
1316 4165 1394 4224 quo-

211 4234 362 4313 vismodo,
395 4241 505 4316 preter
538 4257 636 4316 quarn
669 4256 726 4316 per
760 4235 862 4316 ipsius
894 4234 989 4297 electi
1021 4234 1156 4312 obitum,
1182 4254 1296 4297 vacare
1320 4253 1394 4296 000-

212 4323 334 4405 tigerit,
373 4324 601 4388 conferendam
634 4323 696 4387 tibi
729 4344 803 4386 cum
835 4323 985 4388 omnibus
1024 4322 1151 4387 iuribus
1185 4329 1218 4386 et
1251 4323 1394 4405 pertine-

211 4414 290 4477 ntiis
322 4415 389 4476 suis
414 4413 582 4478 donationi
615 4413 790 4495 apostolice
823 4434 1033 4476 reservamus.
1058 4459 1065 4475 .
1091 4461 1098 4476 .
1124 4461 1131 4476 .
1154 4412 1230 4476 Non
1263 4413 1395 4476 obstan·

212 4503 381 4567 tibus...
406 4503 494 4584 quod
509 4552 516 4566 .
533 4551 564 4566 ..
588 4505 816 4566 canonicatum
840 4508 872 4565 et
896 4503 1096 4584 prebendam
1128 4523 1166 4566 00
1200 4524 1263 4585 (010
1295 4502 1394 4565 etiam

210 4593 356 4674 dignitas
380 4615 444 4657 non
469 4601 578 4657 tamen
602 4594 705 4675 major
728 4599 801 4675 post
824 4591 1043 4675 pontificalem
1066 4592 1188 4670 existit,
1212 4591 1395 4656 custodiam
