3436 5500
291 436 335 494 30
791 438 979 492 ornnvtnrln

290 628 456 712 quondam
480 625 643 691 dohannis
667 626 756 690 illius
782 625 890 688 ultimi
917 625 1056 704 abbatis,
1089 633 1183 690 extra
1215 626 1398 689 Romanam
1422 648 1476 689 eu-

291 721 375 782 riam
394 717 550 796 defuncti,
575 716 705 780 abbatis
721 715 879 796 regimine
895 714 1063 795 destitute,
1088 715 1259 778 consilium
1274 715 1476 797 prelatorum

289 814 324 872 et
364 827 535 889 procerum
567 806 670 870 totius
703 805 795 886 regni
834 803 1009 886 Hungarie
1049 810 1128 868 ωηο
1172 810 1407 886 congregatum
1439 827 1477 869 ae

291 895 483 979 magnificus
515 895 685 959 Johannes
719 895 872 976 vanyad
906 893 1059 976 wayvoda
1093 894 1329 958 Transilvanus
1361 893 1477 977 guber·

291 994 388 1052 nator
412 986 514 1050 totius
538 985 631 1066 regni
654 983 836 1066 Hungarie,
869 988 1050 1048 asserentes
1078 985 1294 1066 provisionem
1318 991 1350 1048 et
1375 986 1478 1048 omni-

291 1077 421 1142 modam
453 1075 698 1156 dispositionem
730 1074 810 1138 dieti
843 1073 1033 1138 monasterii
1066 1075 1165 1138 adse
1192 1079 1271 1137 tunc
1304 1075 1477 1156 pertinere,

291 1165 457 1250 prefatum
489 1164 724 1228 monasterium
757 1164 872 1227 devote
905 1169 1055 1227 creature
1087 1170 1193 1228 vestre
1222 1163 1344 1227 Thome
1377 1165 1477 1227 etiam

293 1266 371 1320 tunc
396 1255 541 1338 episcopo
574 1252 814 1318 Sreborvieensi
847 1273 885 1317 ac
918 1253 1041 1317 ordinis
1070 1252 1214 1317 fratrum
1239 1253 1401 1318 minorum
1425 1274 1477 1316 ex·

292 1367 400 1429 presse
423 1343 566 1428 professo
590 1344 632 1408 ad
658 1345 727 1407 eius
751 1344 853 1406 vitam
877 1343 1156 1423 commendarunt,
1180 1349 1278 1424 prout
1303 1345 1337 1406 in
1366 1364 1478 1406 eorum

291 1436 430 1518 desuper
454 1433 608 1499 confectis
631 1433 753 1497 litteris
776 1433 904 1515 plenius
928 1433 1132 1514 continetur3
1166 1433 1314 1514 quamvis
1345 1433 1478 1514 quidam

291 1526 461 1590 Johannes
495 1524 534 1587 de
573 1522 697 1605 Posega
735 1523 898 1604 presbiter
937 1523 1090 1586 secularis
1122 1519 1476 1604 Quinqueecclesiensis

293 1615 436 1694 diocesis
475 1613 566 1676 nulla
597 1635 655 1694 per
688 1633 762 1676 eum
796 1613 934 1693 desuper
970 1613 1147 1693 apostolica
1186 1613 1388 1676 concessione
1421 1633 1478 1676 seu

291 1703 482 1768 commenda
514 1702 658 1782 obtenta,
690 1723 749 1784 per
781 1701 960 1766 triennium
991 1702 1041 1766 vel
1065 1703 1151 1765 circa
1175 1707 1273 1765 antea
1297 1702 1478 1766 detinuerit

292 1801 391 1876 prout
415 1793 541 1856 detinet
564 1791 710 1856 indebite
735 1796 938 1874 occupatum.
972 1788 1082 1873 Quare
1106 1813 1165 1874 pro
1188 1797 1283 1874 parte
1307 1792 1388 1855 dicti
1412 1791 1479 1874 epi·

292 1885 380 1966 scopi
412 1882 583 1946 sanctitati
615 1887 721 1946 vestre
753 1881 922 1944 humiliter
954 1882 1158 1963 supplicatur
1183 1887 1345 1962 quatenus
1368 1903 1479 1945 mona-

292 1973 431 2038 sterium
462 1971 655 2054 predictum,
689 1971 755 2033 sive
786 1971 941 2052 premisso
974 1972 1039 2034 sive
1073 1971 1137 2035 alio
1165 1971 1279 2053 quovis
1303 1971 1397 2035 modo
1421 1976 1479 2035 aut

293 2087 333 2128 ex
349 2062 487 2127 alterius
507 2062 739 2142 cuiuscumque
768 2082 907 2144 persona
929 2067 1022 2124 vacet
1048 2061 1147 2124 etiam
1171 2061 1198 2124 si
1221 2061 1406 2143 specialiter
1430 2061 1479 2123 vel

294 2152 491 2236 generaliter
515 2155 717 2214 reservatum
742 2172 798 2214 seu
822 2151 857 2214 in
881 2151 972 2214 curia
991 2151 1041 2214 vel
1065 2157 1159 2214 extre
1183 2151 1362 2232 litigiosum
1388 2152 1480 2214 cuius

293 2244 362 2307 litis
395 2248 520 2306 statum
552 2246 611 2304 etc.
646 2241 775 2320 existat,
800 2247 832 2304 et
856 2241 944 2304 illius
967 2241 1107 2322 provisio
1131 2247 1169 2304 ut
1193 2241 1398 2324 premittitur
1424 2261 1479 2304 seu

293 2333 337 2396 ad
361 2353 471 2414 regem
495 2329 669 2412 Hungarie
692 2351 751 2412 pro
776 2335 920 2412 tempore
946 2331 1139 2394 existentem
1162 2331 1327 2413 pertineat
1343 2331 1393 2393 vel
1416 2351 1482 2394 ηοη

294 2423 466 2506 pertineat,
491 2419 619 2502 prefato
651 2420 799 2501 episcopo
831 2441 889 2501 per
922 2441 996 2482 eum
1030 2420 1137 2502 quoad
1172 2420 1290 2483 vixerit
1315 2441 1380 2482 una
1407 2441 1480 2483 cum

294 2513 384 2575 dicta
407 2510 542 2574 ecclesia
566 2507 809 2574 Sreborvieensi
833 2509 886 2572 cui
909 2516 1018 2590 preest
1042 2517 1075 2572 et
1100 2531 1163 2592 que
1187 2509 1334 2573 titularis
1360 2515 1418 2589 est,
1442 2530 1479 2573 ac

294 2602 351 2665 illa
375 2599 508 2663 dimissa
531 2620 606 2664 cum
629 2599 694 2662 alia
719 2619 914 2681 quacunque
938 2599 1072 2663 ecclesia
1096 2599 1195 2662 etiam
1229 2599 1481 2681 metropolitana

295 2691 337 2754 ad
362 2712 460 2775 quam
483 2689 590 2771 ipsum
616 2687 726 2752 forsan
750 2688 922 2751 transferri
943 2689 1125 2772 eontigerit
1156 2689 1343 2768 tenendum,
1367 2709 1481 2772 regen-

294 2781 374 2843 dum
397 2785 430 2842 et
454 2779 554 2842 etiam
579 2777 829 2860 gubernandum
852 2779 1077 2844 commendare
1107 2778 1286 2860 dignemini
1310 2778 1349 2841 de
1373 2780 1482 2860 gratia

295 2869 435 2952 speciali,
457 2889 522 2932 non
538 2867 746 2932 obstantibus
762 2869 927 2950 premissis
944 2871 1125 2950 ceterisque
1149 2867 1323 2932 contrariis
1348 2869 1481 2950 quibus·

295 2979 424 3040 cunque
448 2963 480 3021 et
505 2979 579 3021 cum
603 2957 756 3021 clausulis
789 2957 967 3038 oportunis
993 2994 1034 3002 —
1059 2959 1138 3022 Fiat
1162 2965 1200 3022 ut
1224 2959 1350 3040 petitur
1377 2958 1413 3022 Τ.
1439 2997 1479 3004 -

296 3051 342 3112 Et
366 3049 453 3131 quod
476 3048 605 3112 fructus
629 3054 689 3111 ete.
712 3047 834 3130 prefati
857 3048 1047 3112 monasterii
1070 3069 1129 3131 pro
1155 3048 1313 3130 expressis
1340 3047 1481 3112 habean-

296 3147 362 3216 tur,
386 3143 515 3202 attento
547 3136 634 3219 quod
668 3137 775 3201 dictus
808 3132 975 3220 episcopus
1009 3139 1048 3202 de
1081 3138 1145 3202 illis
1177 3144 1310 3220 propter
1339 3138 1481 3201 insultus

298 3227 503 3292 Turehorum
528 3234 560 3290 et
584 3226 664 3290 alios
688 3226 835 3290 sinistros
859 3234 1002 3308 eventus,
1020 3227 1077 3310 qui
1096 3228 1130 3291 in
1148 3227 1299 3309 partibus
1324 3227 1387 3291 illis
1411 3248 1482 3291 eve-

296 3325 425 3397 nerunt,
449 3323 574 3380 certam
596 3317 750 3380 notitiam
774 3337 838 3379 non
861 3317 970 3380 habet.
995 3357 1038 3364 —
1063 3317 1142 3382 Fiat
1169 3317 1205 3380 Τ.
1230 3317 1355 3380 Datum
1379 3318 1482 3382 Rome

296 3408 384 3490 apud
409 3413 560 3470 sanetum
583 3405 721 3469 Petrum
745 3412 863 3487 quarto
887 3427 988 3470 nonas
1013 3405 1160 3489 Augusti
1184 3428 1269 3471 anno
1293 3408 1406 3490 prime.

297 3637 349 3690 Μ
378 3564 581 3697 VtAfgptissrtapi
594 3565 777 3617 leveltarban.
791 3568 911 3634 Regesta
926 3565 1170 3633 Supplicationum
1183 3565 1291 3618 Nicolai
1304 3570 1335 3619 V.
1353 3569 1447 3618 Annus
1460 3570 1481 3617 Ι.

352 3677 358 3688 .
404 3676 419 3702 .,
481 3679 486 3690 .
541 3678 546 3690 .

820 3871 957 3937 XXIV.

710 4021 804 4080 1447.
829 4022 1007 4098 augusztus
1034 4020 1083 4078 23.

299 4159 500 4226 Cirtae-caut
517 4162 614 4225 Peter
633 4159 766 4243 reprobi
791 4160 944 4224 bucobob
968 4158 1168 4242 folpomodib
1191 4159 1224 4222 V.
1241 4158 1361 4222 Mildo's
1376 4160 1482 4238 pcipd-

298 4251 367 4330 Ιιοο,
391 4250 474 4334 bopy
497 4271 518 4314 u
534 4250 703 4332 Haupudi
726 4250 833 4313 Juuor
858 4250 1059 4332 dotvrtdupao'
1081 4249 1160 4312 altat
1185 4248 1263 4313 bebi
1287 4249 1483 4329 odomduyo-

375 4345 439 4404 zoa
462 4339 594 4423 adprdbi
619 4341 937 4423 olcuso'luuouobsdp
960 4339 1151 4404 birtelrdbuu
1176 4341 1306 4402 erusttse
1331 4359 1406 4420 ηοω.

407 4485 600 4548 Beatissime
623 4491 725 4566 prater.
750 4485 882 4547 Pridem
907 4486 1069 4549 lectoratu
1093 4485 1224 4547 ecclesie
1242 4483 1483 4564 Zagrabiensis

301 4596 396 4658 quem
421 4574 615 4638 reverendus
647 4582 741 4657 pater
770 4575 958 4638 Demetrius
987 4573 1133 4656 Ohiupor
1162 4575 1328 4655 episcopus
1361 4573 1484 4654 Zagra·
