3458 5492
306 451 369 518 166
449 522 453 528 .
603 497 605 504 .
750 495 753 501 .
803 457 991 510 1111111111

305 645 331 706 11
365 643 513 706 relictam
537 665 556 706 a
579 644 730 726 patribus
763 645 950 709 libertatem
983 644 1043 707 hac
1077 649 1272 726 tempestate
1298 665 1314 707 e
1338 642 1491 706 manibus

305 733 387 814 eripi
411 732 633 812 detulerimus,
663 734 755 816 quin·
771 733 880 816 potius
903 735 938 796 in
962 733 1049 797 lacto
1073 733 1277 801 custodiatus
1302 733 1488 810 etcanoni-

305 827 398 886 catus
422 821 509 886 iusta
534 828 566 885 11
590 844 648 904 pro
673 823 807 887 ecclesia
830 823 887 894 illa
912 823 1008 887 utilia
1031 823 1163 905 petiisse
1182 822 1360 892 videamur,
1377 822 1490 904 digne-

305 919 361 974 tur
394 918 426 975 et
459 912 538 975 velit
571 913 729 976 sanctitas
762 934 822 977 sua
851 913 944 975 iuxta
967 912 1160 994 petitionem
1184 919 1329 975 nostram
1354 911 1488 974 eandem

306 1001 472 1068 ecclesiam
497 1000 538 1065 ab
563 1002 767 1084 impetitione
792 1002 872 1065 dicti
897 1002 992 1065 electi
1016 1002 1157 1084 episcopi
1177 1001 1378 1080 Bosznensis,
1403 1001 1490 1064 Tho·

305 1111 377 1154 mae
401 1089 545 1170 Balasffi,
578 1091 719 1154 liberare
752 1098 786 1154 et
818 1113 890 1154 eam
923 1093 957 1154 in
980 1091 1038 1155 illa
1063 1091 1272 1174 dispositione
1297 1091 1491 1172 relinquere,

306 1181 340 1243 in
374 1201 439 1261 qua
471 1180 573 1262 ipsam
608 1182 712 1244 statui
746 1181 861 1245 utilius
885 1181 950 1244 iarn
974 1181 1100 1264 pridem
1124 1180 1347 1244 indicavimus.
1371 1178 1428 1244 Ab
1453 1199 1492 1242 ea

308 1270 393 1332 enim
418 1276 533 1333 exacta
557 1275 669 1334 nostra
693 1268 928 1334 deliberatione
952 1278 984 1335 et
1009 1270 1219 1352 dispositione
1243 1271 1327 1334 male
1350 1271 1492 1334 libenter

306 1360 469 1441 patiemur
493 1359 657 1440 dimoveri,
681 1361 809 1424 etiamsi
844 1359 935 1423 nobis
960 1380 997 1423 ea
1021 1360 1225 1424 necessitudo
1249 1361 1435 1442 imponetur
1458 1366 1492 1422 et

307 1469 462 1530 cogamur
486 1447 680 1514 difficillima
706 1470 853 1531 quaeque
876 1450 911 1512 in
932 1449 1055 1512 tuenda
1071 1449 1356 1532 conservandaque
1380 1454 1493 1511 nostra

307 1539 462 1602 libertate
486 1539 654 1603 sustinere.
679 1538 743 1602 His
766 1539 1005 1603 illustrissimae
1029 1545 1062 1602 et
1081 1539 1366 1602 reverendissimas
1390 1538 1491 1602 dorni·

307 1629 455 1692 nationes
479 1633 602 1692 vestras
627 1627 778 1692 florentes
803 1629 977 1710 felicesque
1001 1629 1150 1692 dominus
1174 1635 1341 1692 conservet
1374 1627 1491 1691 diutis-

308 1719 395 1781 sime.
421 1756 461 1762 -
485 1716 612 1781 Datum
636 1715 812 1800 Galgoczii,
838 1717 890 1782 die
917 1723 971 1780 7-a
994 1716 1194 1798 Decembris,
1219 1739 1303 1782 anno
1330 1722 1424 1780 1618.

309 2001 339 2065 Α
363 1968 501 2084 11119111
525 2001 715 2065 1111111111
739 2001 832 2066 levele
856 2021 876 2066 a
901 2001 1159 2065 (11111111111111
1182 1998 1324 2079 feutebbv'
1357 2001 1492 2084 dqpbeu.

417 2161 703 2226 1111111111111111
728 2163 993 2226 reverendissime
1026 2162 1154 2226 domine
1186 2168 1245 2226 etc.
1281 2160 1494 2226 Promoverat

311 2273 416 2332 nuper
449 2273 508 2315 sua
540 2252 759 2316 sacratissima
792 2273 943 2317 caesarea
966 2253 1121 2334 regiaque
1147 2254 1307 2330 maiestas,
1334 2251 1493 2314 Thomam

311 2339 466 2422 Balasffy,
493 2341 632 2404 electum
655 2343 841 2424 episcopum
866 2342 1082 2406 Boszncnsem
1106 2363 1144 2404 ex
1169 2342 1356 2406 custodiatu
1380 2341 1405 2404 J
1407 2342 1495 2406 auri-

311 2431 403 2494 11111
427 2431 461 2492 11
484 2431 744 2512 praeposituram
778 2431 1015 2510 Posoniensem,
1051 2451 1086 2494 eo
1121 2437 1344 2495 verumtamen
1372 2429 1436 2494 fine
1461 2438 1494 2494 et

311 2520 504 2602 conditione,
537 2527 635 2602 prout
669 2521 762 2584 nobis
792 2521 917 2603 liquido
950 2526 1086 2600 constat,
1121 2527 1158 2584 ut
1192 2521 1308 2585 deinde
1341 2520 1495 2584 maiestas

312 2631 370 2674 sua
403 2629 443 2672 ex
475 2609 639 2674 beneficiis
672 2611 825 2673 ecclesiae
857 2609 1075 2689 Jaurinensis,
1109 2631 1167 2691 per
1191 2609 1494 2674 reverendissimum

312 2698 588 2781 archiepiscopum
622 2697 855 2778 Ooloczensem,
893 2699 1158 2763 reverendissimo
1187 2697 1353 2782 Stephano
1387 2697 1493 2774 Ohikjv

312 2789 459 2870 episcopo
485 2787 758 2869 Transilvanensi,
779 2795 912 2870 propter
931 2789 1119 2870 religionem
1136 2789 1331 2853 catholicam
1348 2810 1367 2852 a
1382 2788 1495 2852 multis

312 2879 378 2941 iam
410 2878 504 2941 annis
538 2878 671 2941 exilium
704 2879 815 2961 agenti
848 2879 1018 2960 eidemque
1052 2879 1267 2959 egentissimo,
1291 2879 1430 2961 benigno
1459 2898 1496 2942 ac

312 2974 449 3050 paterne
480 2969 650 3048 providere
682 2968 791 3049 possit.
824 2966 920 3050 Quod
953 2975 985 3032 et
1019 2967 1097 3032 fecit
1130 2968 1282 3032 maiestas
1307 2990 1374 3047 sua,
1398 2974 1496 3050 prout

313 3057 377 3120 hac
407 3056 446 3120 de
470 3078 506 3120 re
534 3063 603 3120 tam
626 3078 704 3120 suae
728 3058 908 3122 maiestatis
932 3057 1166 3138 requisitoriae,
1191 3080 1290 3140 quam
1314 3079 1388 3120 vero
1413 3077 1497 3122 sere-

314 3146 439 3210 nissimi
482 3147 567 3228 regis
608 3147 813 3212 Ferdinandi
847 3147 889 3210 ad
921 3147 1224 3210 reverendissimum
1272 3145 1497 3211 Ooloczensem

314 3237 454 3317 scriptae
488 3235 629 3314 litterae,
662 3237 847 3300 luculenter
879 3235 1113 3300 demonstrant.
1146 3236 1221 3301 Hac
1252 3237 1366 3319 itaque
1398 3235 1497 3300 maie-

314 3325 410 3390 statis
442 3345 520 3388 suae
553 3345 721 3388 caesareae
752 3332 924 3408 paternam
956 3327 1212 3408 clementemque
1245 3325 1497 3408 dispositionem,

313 3414 501 3497 praedictus
540 3414 685 3496 Balasffy
724 3436 787 3478 non
827 3421 1008 3494 contentus,
1048 3415 1169 3497 adepta
1207 3436 1284 3478 suae
1317 3415 1497 3479 maiestatis

315 3503 431 3586 gratia,
455 3504 564 3566 volens
587 3503 821 3582 interturbare,
845 3509 960 3568 contra
983 3510 1113 3568 vetusta
1137 3507 1229 3587 regni
1262 3511 1401 3582 statuta,
1424 3505 1499 3568 iura

315 3613 353 3656 11
375 3593 571 3672 libertatem,
596 3594 792 3675 posthabitis
807 3595 900 3675 regni
916 3593 1091 3658 ordinariis
1108 3615 1230 3676 suoque
1247 3595 1499 3677 metropolitano

314 3682 486 3762 iudicibus,
509 3683 553 3745 ad
576 3682 850 3764 dispensationem
884 3683 1093 3765 apostolicam
1127 3685 1277 3747 recurrit.
1311 3683 1409 3748 Unde
1441 3703 1499 3764 per

315 3771 485 3836 subdolam
510 3778 542 3834 et
567 3773 764 3855 exquisitam
788 3773 953 3854 quandam
977 3775 1216 3856 suggestionem
1239 3773 1394 3853 obtinuit,
1418 3794 1497 3855 qua-

316 3869 412 3926 tenus
446 3861 488 3925 ad
517 3862 777 3944 quinquennium
809 3868 980 3944 praetacta
1003 3863 1207 3927 custodiatus
1230 3870 1263 3926 et
1288 3863 1499 3927 canonicatus

316 3950 472 4015 beneficia
504 3951 593 4032 apud
626 3972 659 4015 se
693 3952 855 4016 detineret
888 3957 921 4014 et
954 3951 1142 4034 possideret,
1173 3953 1319 4035 quamvis
1345 3953 1500 4016 habuerit

316 4047 447 4123 praeter
470 4041 730 4122 praeposituram
753 4041 982 4106 Posoniensem
1006 4042 1071 4106 alia
1095 4062 1224 4124 quoque
1258 4044 1380 4125 optima
1403 4043 1500 4106 bene-

316 4129 399 4209 ficia,
423 4129 534 4211 qualia
557 4136 651 4208 sunt;
675 4132 902 4213 praepositura
918 4131 959 4195 de
975 4131 1124 4209 Zalavar,
1148 4132 1285 4196 abbatia
1304 4132 1344 4195 de
1369 4130 1500 4213 Kapor·
1577 4163 1579 4166 ·

317 4219 390 4299 nak,
415 4225 556 4302 utraque
588 4219 738 4300 infulata,
769 4219 869 4284 habet
907 4221 1040 4302 insuper
1079 4222 1178 4287 etiam
1215 4227 1415 4285 rectoratum
1448 4240 1499 4282 ca-

317 4309 421 4390 pellae
445 4301 551 4372 111111
576 4308 721 4374 Ladislai
752 4312 836 4392 regis
860 4309 991 4374 Posonii
1025 4310 1191 4374 fundatae.
1225 4309 1328 4374 cuius
1360 4316 1500 4392 postmo-

318 4398 395 4462 dum
419 4397 540 4461 indulti
573 4398 691 4480 vigore,
724 4405 792 4464 tam
824 4398 1048 4480 praefatorum
1076 4400 1307 4464 beneficiorum
1330 4399 1500 4464 modernos

318 4507 521 4571 possessores,
545 4493 614 4550 tam
639 4509 713 4568 vero
737 4489 1040 4553 reverendissimum
1063 4487 1288 4555 Ooloczensem
1313 4489 1346 4551 in
1371 4509 1501 4570 conspe·

318 4584 408 4641 ctum
433 4582 465 4640 et
490 4576 636 4641 tribunal
652 4583 778 4642 vestrae
794 4578 1025 4642 dominationis
1041 4579 1279 4644 illustrissimae
1295 4598 1333 4642 ac
1353 4598 1501 4642 reveren-
