3436 5500
434 444 453 481 n
477 443 598 482 naeres
621 443 679 481 mn.
704 442 834 482 ulcerum
857 442 911 482 roe
935 429 1164 482 ronrtunrnunz.
1344 420 1383 480 31

201 617 331 697 biensis,
355 616 433 679 dum
456 622 541 679 esset
566 616 736 698 episcopus
763 614 949 679 Tininensis
975 620 1007 678 et
1032 621 1210 696 antequam
1234 615 1274 678 de
1298 613 1386 679 dicta

202 707 336 771 ecclesia
369 705 539 769 Tininensi
567 705 609 768 ad
639 705 761 769 dictam
793 705 960 768 ecclesiam
992 703 1248 786 Zagrabiensem
1272 704 1386 768 fuisset

203 796 393 875 translatus,
418 796 553 860 tenebat
584 795 619 858 in
652 795 883 874 commendam,
915 814 973 876 per
991 793 1240 857 translationem
1265 793 1386 857 factam

201 888 236 950 in
260 887 410 950 Romana
443 885 535 949 curia
566 905 625 967 per
656 885 760 948 felicis
784 889 843 947 etc.
868 885 1036 948 dominum
1059 883 1247 965 Eugenium
1268 905 1386 965 papam

202 982 359 1059 quartum
383 980 489 1038 vestre
505 975 693 1038 sanctitatis
708 973 974 1056 predecessorem,
991 978 1136 1053 vacante,
1152 972 1287 1037 devotus
1303 973 1387 1036 eius·

202 1067 276 1129 dem
299 1065 486 1128 sanctitatis
509 1064 647 1128 servitor
670 1062 839 1127 Johannes
865 1064 904 1126 de
929 1062 1068 1126 Huniad
1084 1061 1230 1126 walvoda
1246 1068 1278 1125 61
1294 1063 1387 1145 regni

202 1154 376 1237 Hungarie
409 1153 619 1235 gubernator,
652 1153 692 1216 de
724 1153 857 1218 consilio
890 1158 923 1217 et
955 1173 1088 1216 assensu
1120 1152 1321 1235 prelatorum
1354 1159 1387 1215 et

202 1245 387 1328 principum
411 1243 491 1306 dicti
514 1243 616 1325 regni,
640 1243 770 1306 nomine
793 1249 826 1306 et
850 1243 885 1306 in
907 1263 1078 1324 personam
1111 1242 1306 1306 serenissimi
1322 1241 1387 1304 La-

202 1333 297 1398 dislai
321 1332 401 1397 dicti
424 1333 518 1415 regni
541 1333 715 1414 Hungarie
738 1332 833 1414 regie,
858 1339 895 1396 ut
919 1332 961 1395 ad
989 1353 1085 1413 quem
1108 1332 1160 1414 jus
1192 1337 1387 1414 patronatus

202 1423 323 1506 prefati
354 1423 532 1488 lectoratus
564 1423 717 1506 pertinet,
749 1423 864 1486 devoto
897 1427 1003 1485 vestro
1035 1421 1135 1484 Petro
1173 1422 1212 1485 de
1245 1419 1387 1485 Oirkew-

202 1535 259 1578 cza
282 1511 435 1576 canonico
459 1512 675 1594 Zagrabiensi
699 1518 731 1576 et
756 1511 837 1575 dicti
852 1511 995 1575 waivode
1019 1511 1207 1594 cappellano
1222 1511 1388 1593 prelatum

202 1604 399 1668 lectoratum
432 1601 524 1666 dedit
547 1609 580 1666 et
605 1602 645 1666 de
668 1601 723 1666 illo
746 1601 899 1684 providit,
931 1600 1095 1680 ordinans,
1128 1607 1166 1664 ut
1190 1600 1388 1665 auctoritate

204 1692 371 1756 ordinaria
386 1691 420 1754 in
433 1691 528 1754 illum
551 1691 684 1756 deberet
708 1689 901 1756 confirmari.
918 1688 1003 1754 Oum
1026 1697 1136 1754 antem
1159 1697 1253 1772 pater
1277 1696 1388 1754 sancte

203 1782 311 1846 dictus
352 1781 472 1846 Petrus
496 1802 536 1845 ex
559 1781 657 1844 certis
690 1781 796 1846 causis
828 1781 985 1863 premissa
1022 1780 1152 1844 dubitet
1176 1781 1300 1844 viribus
1324 1801 1388 1844 non

203 1872 389 1952 subsistere,
413 1877 520 1935 vestre
544 1871 715 1936 sanctitati
743 1870 912 1934 humiliter
936 1870 1107 1952 supplicat,
1141 1875 1303 1952 quatenns
1326 1869 1389 1934 sibi

205 1961 375 2043 specialem
414 1960 556 2042 gratiam
590 1959 739 2026 iaciendo
772 1961 811 2024 de
843 1961 1005 2024 lectoratu
1035 1958 1194 2041 predicto,
1226 1959 1283 2042 qui
1306 1959 1389 2024 inibi

204 2051 349 2132 dignitas
381 2071 445 2114 non
478 2056 588 2114 tamen
621 2050 725 2114 maior
757 2055 830 2132 post
858 2048 1078 2132 pontificalem
1102 2050 1215 2114 existit
1239 2055 1273 2112 et
1296 2050 1388 2112 cuius

204 2140 332 2204 fructus
364 2147 424 2204 etc.
456 2141 719 2222 vigintiquatuor
752 2138 948 2204 florenorum
981 2139 1020 2202 de
1053 2160 1179 2202 camera
1211 2139 1388 2202 secundum

203 2251 405 2294 communem
420 2230 665 2294 extimationem
681 2229 822 2294 valorem
839 2250 984 2292 annuum
1000 2249 1065 2292 non
1081 2228 1252 2308 excedunt,
1268 2229 1333 2292 sive
1350 2235 1388 2292 ut

204 2319 409 2402 premittitur
433 2317 499 2384 sive
522 2320 604 2384 alias
628 2319 835 2401 quovismodo
860 2325 918 2382 aut
942 2339 981 2382 ex
1005 2318 1141 2383 alterius
1167 2317 1388 2400 cuiuscunque

204 2431 341 2492 persona
378 2430 435 2473 seu
473 2431 530 2492 per
568 2409 707 2472 liberam
745 2409 998 2490 resignationem
1031 2408 1112 2472 dicti
1144 2407 1306 2489 Demetrij
1339 2408 1388 2471 vel

203 2500 345 2562 cuiusvis
378 2499 514 2563 alterius
546 2499 585 2562 de
618 2499 674 2564 illo
706 2500 741 2562 in
774 2498 863 2562 dicta
888 2499 980 2562 curia
1003 2497 1054 2561 vel
1077 2501 1171 2562 extra
1195 2518 1266 2562 eam
1290 2498 1388 2562 etiarn

204 2608 313 2652 coram
346 2590 475 2653 notario
506 2589 636 2672 publico
661 2593 694 2652 et
717 2587 857 2652 testibus
890 2594 1004 2670 sponte
1033 2587 1155 2652 factam
1177 2593 1211 2650 et
1233 2609 1291 2670 per
1314 2607 1389 2651 con-

204 2679 391 2744 stitutinem
416 2678 621 2743 Execrabilis
645 2699 701 2742 seu
724 2679 960 2742 assecutionem
984 2677 1120 2741 alterius
1153 2676 1301 2742 beneficii
1329 2684 1388 2742 etc.
1486 2759 1491 2768 .

203 2774 305 2848 vacet,
338 2768 437 2832 etiam
470 2770 497 2832 si
530 2768 709 2848 devolutus,
736 2766 880 2847 affectus
907 2774 1090 2832 reservatus
1123 2767 1307 2849 specialiter
1340 2767 1389 2830 vel

205 2858 402 2940 generaliter
425 2865 561 2923 curatus
584 2864 618 2922 et
641 2858 796 2922 electivus
820 2878 858 2921 ac
881 2857 1044 2939 litigiosus
1068 2857 1161 2920 cuius
1184 2863 1308 2925 statum
1329 2863 1388 2920 etc.

204 2947 366 3030 litigiosus
391 2947 467 3027 (sic)
490 2947 621 3029 existat,
645 2947 750 3012 eidem
774 2947 874 3011 Petro
899 2947 938 3010 de
962 2968 1043 3012 novo
1067 2946 1236 3029 providere
1265 2953 1323 3010 aut
1347 2947 1389 3010 ad

204 3038 298 3100 illum
330 3039 430 3103 etiam
462 3037 635 3102 instituere
661 3037 840 3118 dignemini
865 3037 904 3100 de
929 3037 1038 3119 gratia
1062 3036 1201 3119 speciali.
1235 3036 1310 3100 Non
1333 3037 1389 3100 ob-

204 3126 370 3192 stantibus
397 3127 561 3209 premissis
590 3127 774 3210 apostolicis
805 3125 1095 3191 constitutionibus
1119 3133 1152 3190 et
1177 3126 1389 3190 ordinationi·

205 3217 267 3280 bus
290 3238 328 3281 ac
352 3217 440 3299 quod
463 3217 530 3300 ipse
554 3217 674 3281 Petrus
698 3217 732 3280 in
757 3216 846 3280 dicta
864 3216 1079 3298 Zagrabiensi
1105 3218 1333 3281 canonicatum
1357 3222 1389 3279 et

205 3306 405 3388 prebendam
437 3313 470 3370 61
502 3308 537 3370 in
564 3307 774 3372 Waradiensi
813 3306 954 3372 ecclesiis
985 3306 1064 3370 alios
1097 3308 1325 3371 canonicatum
1357 3313 1389 3369 et

205 3396 413 3478 prebendam,
437 3417 576 3478 qnorum
609 3398 753 3460 omnium
784 3396 913 3461 fructus
946 3402 1005 3460 etc.
1039 3402 1170 3460 centum
1193 3395 1389 3460 florenorum

205 3485 360 3550 similium
393 3487 535 3550 valorem
567 3508 713 3550 annuum
746 3507 809 3550 non
843 3485 1006 3550 excedunt
1037 3485 1173 3566 obtinet,
1210 3486 1389 3566 ceterisque

204 3575 379 3640 contrariis
413 3577 661 3658 quibuscunque
686 3582 718 3640 et
743 3597 816 3639 cum
850 3575 1003 3639 clausulis
1037 3575 1280 3658 oportunis-
1310 3576 1390 3640 Fiat

205 3670 243 3727 ut
266 3665 391 3746 petitur
416 3665 452 3728 Τ.
479 3705 519 3712 -
544 3665 671 3729 Datum
694 3667 797 3730 Rome
819 3666 908 3748 apud
932 3672 1082 3729 sanctum
1105 3665 1243 3730 Petrum
1267 3666 1389 3729 decimo

205 3753 360 3818 kalendas
384 3753 586 3837 Septembris
610 3775 695 3818 anno
719 3757 831 3837 primo.
857 3755 896 3819 R.
923 3755 962 3818 de
988 3756 1124 3819 Noxcto.

205 3985 230 4032 V
247 3981 256 4031 l
279 3985 304 4034 V
313 3911 353 4033 (Af
361 3907 488 4042 qatglqapi
501 3908 684 3962 leveltarban.
698 3911 820 3979 Regesta
833 3908 1076 3977 snpplicationum
1089 3906 1197 3960 Nicolai
1212 3913 1244 3961 V.
1258 3911 1354 3960 Annus
1369 3913 1388 3960 l.

230 3997 265 4033 0.
305 4019 321 4046 .,
354 3997 388 4034 o.
446 4021 451 4032 .
