3454 5492
447 424 466 463 1
490 423 609 463 cloria
634 426 693 465 nm.
717 421 845 464 11111111
870 422 921 462 100
948 407 1176 462 11101111111111.
1363 397 1404 459 83

225 594 308 658 tium
341 596 485 678 ipsorum
518 597 758 679 prepositorum
789 602 822 660 et
855 597 1005 676 fratrum,
1043 596 1135 659 nobis
1174 600 1212 657 ut
1241 594 1406 676 prefertur

223 691 383 768 porrecta,
421 687 619 770 prescriptae
659 686 770 751 literas
807 690 840 750 et
874 685 1091 769 privilegium,
1130 685 1222 748 cuius
1261 689 1407 748 tenorem

223 777 429 858 presentibus
461 797 520 858 pro
553 775 753 840 sufficienter
786 777 943 858 expressis
976 775 1091 840 haberi
1114 780 1147 838 et
1170 775 1294 838 censeri
1317 774 1403 839 volu-

223 887 304 946 1111,
322 865 430 947 quoad
449 885 558 930 omnes
574 867 643 930 eius
660 865 887 946 continentias,
904 867 1057 949 capitula,
1081 865 1302 942 limitationes,
1319 863 1407 928 clau-

224 955 310 1020 sulas
344 961 377 1020 et
409 956 574 1038 articulos,
609 962 751 1035 1111111,
785 962 947 1038 quatenus
980 956 1104 1020 viribus
1143 975 1255 1019 earum
1287 954 1407 1018 veritas

224 1044 435 1128 suffragatur,
460 1045 519 1110 sub
545 1045 785 1111 conditionibus
808 1045 1036 1128 infrascriptis,
1053 1044 1317 1122 ubielectionem
1335 1063 1408 1125 pre·

224 1136 404 1219 positorum
428 1136 545 1218 tangit,
565 1136 781 1220 acceptandus
804 1143 837 1200 et
856 1135 1082 1219 approbandos
1099 1140 1198 1217 atque
1215 1131 1408 1198 confirman-

225 1225 282 1290 dos
305 1226 466 1306 duximus,
491 1227 578 1308 quod
606 1227 685 1291 ordo
709 1227 777 1309 ipse
800 1225 1114 1291 Premonstratensis
1137 1224 1234 1288 huius
1259 1223 1351 1306 regni
1376 1227 1409 1286 11

224 1315 381 1399 prepositi
413 1337 450 1379 ac
482 1315 603 1380 fratros
636 1316 789 1396 eiusdem,
821 1317 893 1398 pari
917 1322 991 1381 voto
1025 1321 1058 1379 11
1086 1315 1231 1379 unanimi
1265 1314 1409 1396 ipsorum

226 1425 302 1470 voce
327 1411 360 1471 11
384 1426 548 1487 00111111,
573 1407 652 1470 dum
675 1405 819 1488 aliquam
842 1406 1051 1470 ecclesiarum
1074 1427 1208 1470 suarum
1227 1409 1352 1467 rectore
1376 1406 1409 1465 11

224 1496 387 1579 preposito
420 1496 555 1561 viduare
588 1517 625 1560 ac
648 1496 793 1578 legitime
826 1517 940 1560 vacare
973 1495 1155 1578 contigerit,
1182 1516 1240 1578 per
1274 1515 1306 1558 11
1338 1513 1409 1575 pre-

225 1586 368 1669 positum
406 1586 592 1669 eligendum
631 1587 764 1669 quidem
801 1586 946 1654 habeant
985 1586 1187 1665 facultatem,
1229 1584 1409 1649 auctoritas

227 1682 339 1740 nostra
372 1681 481 1739 tamen
513 1676 604 1758 regia
628 1683 661 1740 et
684 1677 734 1740 ius
758 1681 953 1759 patronatus
983 1682 1138 1756 nostrum,
1164 1675 1250 1760 quod
1274 1673 1308 1736 in
1331 1673 1409 1755 ipsis

227 1765 377 1844 ecclesiis,
408 1771 568 1848 quantum
593 1765 634 1829 ad
658 1767 863 1831 collationem
886 1766 1051 1848 habemus,
1074 1767 1237 1830 intactum
1269 1763 1409 1840 illesum-¹

227 1877 290 1937 que
325 1876 383 1938 pro
418 1855 588 1920 maiestate
621 1863 731 1922 nostra
756 1864 788 1920 et
812 1855 1049 1922 successoribus
1073 1855 1194 1920 nostris
1217 1858 1410 1932 reservetur,

228 1945 317 2009 etin
341 1945 409 2010 loco
438 1967 495 2009 110
528 1952 667 2026 maneat,
699 1946 839 2029 talisque
871 1947 992 2012 electus
1024 1967 1082 2030 per
1114 1945 1198 2028 ipsos
1231 1943 1411 2027 prepositos

227 2041 259 2099 et
284 2035 405 2099 fratres
438 2035 560 2118 prefati
593 2036 715 2101 ordinis
747 2059 766 2100 a
797 2036 890 2100 nobis
922 2043 981 2100 111
1013 2035 1250 2101 successoribus
1291 2033 1411 2097 nostris

227 2125 358 2207 regibus
391 2125 565 2208 Hungarie
597 2126 801 2190 collationem
835 2149 937 2207 suam,
968 2132 1041 2210 post
1065 2126 1142 2205 eius,
1177 2146 1235 2207 per
1266 2124 1411 2207 prefatos

227 2215 406 2298 prepositos
439 2215 629 2280 electionem
662 2222 695 2279 et
722 2219 996 2298 presentationem
1029 2215 1351 2295 benedictionemque
1378 2219 1411 2276 et

230 2304 507 2370 confirmationem
540 2327 632 2369 suam
656 2328 675 2370 a
698 2305 886 2371 dioecesano
919 2328 976 2370 suo
1008 2306 1154 2388 legitimo
1184 2326 1243 2387 010
1267 2310 1411 2386 tempore

229 2396 417 2476 constituto,
441 2396 585 2478 accipere
619 2401 651 2459 et
685 2395 805 2460 habere
837 2396 963 2478 debeat,
996 2397 1117 2460 nemini
1150 2401 1260 2458 111111
1284 2415 1350 2474 101,
1378 2399 1411 2456 11

229 2506 424 2549 successores
448 2487 552 2549 nostri
576 2485 750 2568 Hungarie
778 2508 878 2569 reges
911 2493 969 2550 aut
992 2487 1176 2569 quicunque
1200 2485 1257 2549 alii
1280 2483 1412 2566 patroni

230 2575 423 2640 eiuscemodi
461 2577 683 2658 preposituras
721 2598 780 2658 010
819 2583 964 2658 tempore
1002 2582 1154 2642 vacantes
1191 2575 1337 2638 conferre
1379 2580 1411 2636 et

230 2665 308 2728 dare
327 2665 499 2746 valeamus,
524 2672 583 2730 111
606 2665 668 2748 ipsi
691 2667 822 2749 patroni
845 2667 985 2748 valeant,
1008 2666 1071 2730 nisi
1095 2666 1152 2746 illi,
1176 2687 1272 2747 quem
1299 2683 1412 2746 prepo-

229 2756 284 2819 siti
308 2755 370 2836 ipsi
393 2759 426 2818 et
454 2755 533 2819 ordo
556 2756 878 2837 Premonstratensis,
911 2757 1089 2821 secundum
1122 2777 1233 2821 eorum
1257 2753 1411 2836 regulam,

229 2844 459 2928 professionem
483 2852 516 2908 et
540 2846 731 2926 sanctiones,
755 2848 908 2911 canonice
932 2853 965 2911 et
989 2847 1133 2928 legitime
1162 2845 1254 2928 prius
1278 2842 1413 2926 elegerit

230 2941 344 3017 11010
367 2940 498 3017 0111011
522 2934 700 3000 sufficienti
722 2937 900 3019 idoneoque
924 2937 1079 3020 locupleti
1111 2935 1296 2999 testimonio
1320 2933 1412 2997 nobis

229 3025 532 3108 successoribusque
568 3027 687 3090 nostris
732 3033 765 3090 et
803 3027 949 3108 patronis
988 3027 1065 3109 ipsis
1103 3024 1339 3108 presentaverit
1380 3029 1413 3087 et

231 3115 523 3194 commendaverit,
552 3116 729 3198 eademque
766 3123 878 3181 nostra
910 3121 943 3180 et
975 3137 1193 3180 successorum
1227 3120 1412 3180 nostrorum

230 3226 343 3287 regum
373 3205 547 3287 Hungarie
578 3208 785 3287 auctoritate,
816 3207 1051 3290 prenominatis
1082 3205 1254 3288 prepositis
1284 3209 1317 3268 et
1346 3203 1412 3267 111-

231 3295 338 3359 tribus
385 3295 508 3359 ordinis
555 3295 867 3361 Premonstratensis
915 3297 1089 3361 annuimus
1136 3301 1169 3359 et
1209 3293 1413 3360 concedimus

231 3407 288 3468 per
325 3391 500 3469 presentes,
548 3391 586 3449 ut
626 3387 813 3470 prepositos,
861 3409 940 3468 quos
987 3385 1221 3452 insufficientes
1264 3384 1413 3448 discolos-

233 3496 294 3558 que
319 3475 497 3539 1101111111
530 3475 631 3557 ipsius
664 3498 701 3540 ac
733 3477 923 3560 patrimonii
957 3475 1080 3542 Ohristi
1114 3476 1322 3558 dissipatores
1346 3495 1413 3539 esse

231 3566 364 3647 foreque
392 3566 610 3648 cognoverint,
643 3566 811 3650 deponere,
844 3567 1050 3650 prepositura
1082 3567 1219 3648 privare,
1248 3566 1413 3646 aliumque

232 3654 447 3720 sufficientem
472 3661 505 3718 et
527 3656 680 3720 idoneum
712 3657 784 3721 loco
817 3657 892 3721 talis
924 3657 1051 3722 inutilis
1077 3656 1193 3738 dejecti
1218 3661 1250 3719 et
1274 3655 1413 3738 depositi

233 3745 349 3828 eligere
389 3751 421 3808 et
460 3747 658 3810 constituere
700 3749 833 3830 possint.
884 3747 1041 3812 Preterea
1080 3747 1119 3811 de
1157 3746 1229 3809 aliis
1267 3746 1414 3827 patronis

233 3837 350 3900 talium
374 3835 582 3900 ecclesiarum
605 3837 728 3902 ordinis
758 3837 1079 3918 Premonstratensis,
1112 3857 1251 3918 quorum
1277 3836 1413 3900 maiores

233 3932 265 3990 et
288 3926 520 4008 progenitores,
553 3926 619 3991 sive
642 3927 770 3992 ratione
803 3926 1006 3992 fundationis
1030 3933 1063 3991 11
1087 3926 1273 4006 dotationis,
1297 3925 1414 3990 talium

231 4015 512 4099 prepositurarum
544 4037 602 4098 per
634 4039 687 4082 eos
720 4018 896 4082 salubriter
930 4017 1025 4098 facte,
1064 4017 1129 4081 sive
1162 4037 1202 4080 ex
1235 4017 1414 4080 annuentia

234 4113 266 4170 et
298 4105 500 4170 concessione
538 4106 687 4171 divorum
726 4108 890 4190 quondam
917 4129 1039 4190 regum,
1072 4111 1258 4172 nostrorum
1291 4106 1415 4170 scilicet

232 4196 503 4280 predecessorum,
527 4218 624 4280 super
657 4197 828 4261 collatione
860 4197 997 4261 alicuius
1028 4197 1232 4280 prepositure
1260 4195 1415 4260 Premon-

233 4287 404 4350 stratensis
436 4286 487 4350 ius
519 4293 714 4368 patronatus
747 4287 943 4369 habuerunt,
976 4292 1009 4352 et
1032 4287 1095 4370 ipsi
1127 4288 1177 4351 sui
1210 4287 1344 4350 heredes
1373 4286 1415 4349 ad

234 4398 267 4441 11
290 4375 479 4440 devolutum
502 4398 588 4441 nunc
613 4397 740 4459 quoque
768 4376 920 4455 habeant,
954 4377 1019 4441 sive
1053 4376 1171 4460 quibus
1205 4398 1262 4441 nos
1294 4383 1415 4459 tempe-

234 4472 320 4531 state
344 4471 464 4543 101111,
498 4488 607 4532 eorum
632 4467 757 4532 meritis
782 4473 815 4532 et
835 4467 1015 4533 virtutibus
1038 4469 1087 4534 ita
1111 4467 1326 4550 exigentibus,
1350 4467 1416 4531 ius-

235 4562 429 4642 patronatus
452 4564 600 4623 nostrum
616 4558 711 4640 pleno
728 4559 799 4622 1111
818 4559 1023 4642 contulimus,
1049 4559 1108 4624 tali
1125 4559 1219 4623 modo
1234 4579 1292 4642 per
1308 4557 1416 4622 omnia

1266 4685 1378 4738 c*.
