3472 5494
480 475 499 514 1
522 474 643 514 uiuum
667 473 726 514 um.
750 473 880 514 1100111111
902 474 956 514 roo
979 461 1208 516 ebertramnus.
1374 455 1439 515 239

256 647 385 712 omniuo
419 668 483 711 non
516 651 573 724 est,
606 652 645 708 ut
676 646 788 728 aliqua
821 647 948 710 novitas
981 645 1042 710 hac
1066 645 1100 709 in
1125 653 1219 729 parte
1244 645 1440 727 inducatur;

257 759 333 802 nam
365 736 443 799 licet
466 735 676 800 ecclesiastici
699 735 791 818 regni
821 735 1016 819 Huugariae
1040 736 1196 801 mandato
1219 757 1297 802 suae
1321 737 1440 802 sancti-

257 827 336 892 tatis
375 825 541 904 obediant,
580 846 673 890 nemo
713 831 822 890 tamen
861 824 1086 906 saecularium,
1118 826 1169 890 vel
1207 825 1306 890 titulo
1345 833 1440 890 tenus

256 921 410 1000 agnoscet
441 916 627 998 episcopum
659 914 693 978 in
726 914 912 997 Huugaria,
945 936 1042 998 quem
1070 935 1128 978 rex
1151 936 1215 980 uon
1239 915 1440 993 nominabit,

256 1029 349 1072 nemo
372 1005 416 1069 ad
439 1005 521 1069 ullos
544 1003 690 1088 publicos
723 1025 889 1070 consessus
922 1005 1030 1084 talem,
1064 1009 1221 1086 tanquam
1254 1005 1439 1088 episcopum

256 1096 419 1173 admittet,
443 1115 536 1158 nemo
559 1095 666 1159 locum
689 1093 723 1158 iu
748 1095 889 1160 comitiis
911 1116 950 1159 ac
968 1093 1099 1160 iudiciis
1114 1095 1164 1159 illi
1178 1096 1358 1177 permittet,
1376 1116 1439 1177 quo

257 1187 343 1251 facto
367 1192 400 1248 et
424 1183 508 1248 sedis
532 1183 727 1266 apostolicae
751 1183 904 1267 dignitas
929 1190 961 1248 et
984 1205 1140 1266 personae
1163 1183 1351 1250 nominatae
1374 1185 1439 1250 exi-

256 1274 401 1341 stimatio
434 1269 476 1356 (si
509 1295 573 1338 non
606 1269 689 1355 vita)
722 1273 974 1356 periclitabitur,
1004 1273 1165 1357 simulque
1189 1273 1338 1357 potentia
1361 1274 1440 1338 cleri

256 1363 449 1448 Huugariae
483 1357 582 1446 (qnae
614 1363 764 1428 consistit
795 1365 830 1428 in
862 1364 1054 1446 pluralitate
1085 1385 1199 1428 vocum
1232 1363 1266 1428 in
1299 1364 1439 1428 comitiis

256 1447 478 1534 ferendorum)
503 1460 618 1517 contra
641 1454 823 1518 saeculares
848 1460 880 1518 et
903 1453 1082 1518 haereticos
1108 1454 1320 1519 diminuetur.

362 1541 539 1608 Sciendum
572 1543 673 1606 etiam
705 1550 763 1623 est,
803 1543 1025 1626 episcoporum
1058 1543 1253 1626 Huugariac
1287 1541 1439 1607 titulares

254 1655 318 1697 non
352 1653 418 1697 esse
451 1632 533 1696 tales
567 1633 727 1713 titulares,
761 1633 872 1715 quales
905 1633 995 1697 sedes
1028 1633 1205 1717 apostolica
1228 1634 1262 1698 in
1286 1632 1438 1715 partibus

255 1721 435 1786 infidelium
458 1723 615 1802 nominat,
640 1728 677 1786 ut
700 1723 890 1805 patriarcha
913 1720 1303 1806 Constantinopolitanus,
1336 1719 1439 1786 Auti-

254 1812 422 1892 ochieusiS,
456 1812 594 1895 episcopi
627 1813 866 1894 Ephaesiorum
889 1819 967 1894 etc.;
1000 1813 1036 1876 hi
1059 1813 1145 1878 enim
1168 1833 1285 1878 nomen
1310 1821 1437 1894 gerunt,

255 1903 380 1966 nullum
413 1901 534 1965 realem
566 1907 676 1966 actum
709 1903 964 1967 ecclesiasticum
996 1904 1046 1967 vel
1078 1903 1249 1985 politicum
1284 1901 1437 1968 retinent.

255 2013 350 2074 quem
383 1997 480 2055 antea
513 1991 591 2054 dum
614 1993 658 2078 'in
691 1993 822 2056 sedibus
855 1999 958 2071 erant,
983 1993 1167 2074 habebant;
1199 1992 1336 2074 ideoque
1360 1997 1438 2056 sunt

254 2081 335 2146 meri
367 2081 526 2144 titulares
560 2081 601 2144 In
635 2082 813 2163 Huugaria
839 2089 951 2146 autem
976 2083 1085 2146 nullus
1109 2088 1158 2146 est
1182 2081 1258 2146 talis
1282 2079 1437 2150 titularis.

256 2192 331 2234 nam
354 2171 388 2233 hi
413 2170 552 2253 episcopi
575 2171 691 2252 locum,
724 2173 904 2250 sessionem,
929 2172 980 2235 ius
1004 2171 1154 2254 suffragii
1177 2171 1212 2234 in
1236 2170 1375 2234 comitiis
1400 2193 1436 2234 ac

253 2260 383 2324 iudiciis
403 2261 556 2340 retinent,
581 2281 684 2342 aeque
708 2262 786 2326 dum
811 2259 1017 2341 residebant;
1041 2283 1100 2326 nec
1114 2261 1200 2325 ullus
1224 2261 1355 2324 illorum
1379 2268 1435 2338 est,

254 2351 309 2432 qui
342 2371 406 2414 non
438 2349 553 2414 ovibus
584 2351 751 2433 aliquibus
775 2351 825 2415 sui
855 2351 1058 2433 episcopatus
1081 2373 1098 2414 e
1122 2351 1239 2414 vicinio
1272 2349 1435 2431 advigilet.

254 2441 374 2521 ltaque
397 2440 516 2520 bullae,
541 2461 624 2521 quae
647 2439 687 2504 de
710 2441 807 2504 nudis
831 2439 1025 2505 titularibus
1049 2441 1204 2524 episcopis
1226 2439 1333 2504 editae
1350 2447 1435 2516 sunt,

253 2530 294 2592 ad
327 2529 384 2593 hos
418 2531 580 2612 episcopos
614 2529 817 2612 Huugariae,
850 2531 884 2594 in
917 2530 1035 2595 odiosis
1068 2530 1200 2596 extendi
1229 2530 1436 2594 nullomodo

252 2626 394 2700 possunt,
419 2639 492 2683 cum
516 2641 580 2683 non
604 2621 671 2683 sint
694 2641 774 2702 pure
803 2621 963 2684 titulares

358 2708 498 2773 Constat
530 2709 634 2790 igitur
667 2730 705 2772 ex
737 2710 985 2792 praerecensitis
1018 2710 1144 2793 legibus
1177 2716 1209 2774 et
1242 2708 1435 2776 rationibus.

252 2799 302 2861 ius
325 2805 520 2880 patronatus
543 2799 774 2864 nominationis
798 2800 841 2864 ad
865 2801 1069 2882 episcopatus
1093 2801 1136 2864 ad
1160 2819 1313 2863 coronam
1337 2797 1434 2861 Hun-

252 2889 361 2969 gariac
395 2888 620 2970 spectantibus
658 2910 725 2953 esse
764 2889 867 2953 solum
905 2911 1002 2972 penes
1041 2910 1133 2972 reges
1166 2887 1369 2970 Huugariae,
1403 2897 1435 2950 et

254 2977 436 3040 Romanum
469 2976 655 3060 pontificem
689 2979 818 3042 nonnisi
851 2978 902 3042 ius
935 2978 1148 3043 confirmandi
1172 2979 1206 3043 in
1231 2978 1345 3042 iisdem
1369 2979 1434 3059 epi·

251 3067 437 3150 scopatibus
461 3067 599 3146 habere;
633 3069 667 3130 ln
692 3089 756 3150 quo
789 3069 930 3150 gratiose
959 3070 1145 3152 elargiendo
1170 3069 1327 3132 hactenus
1352 3089 1434 3130 nun-

252 3177 351 3237 quam
384 3156 465 3220 tales
499 3156 712 3221 difficultates
744 3157 1055 3241 interponebantur3
1090 3159 1155 3224 imo
1192 3163 1307 3222 sancta
1345 3157 1434 3221 sedes

250 3247 425 3328 apostolica
457 3253 532 3329 post
566 3245 798 3329 deplorandam
823 3248 913 3312 illam
937 3249 1157 3331 praelatorum
1182 3246 1376 3330 Huugariae
1400 3247 1434 3310 iu

250 3357 362 3418 campo
387 3336 584 3400 Mohaciano
602 3359 622 3400 a
639 3337 756 3401 Turcis
772 3345 939 3420 acceptam
956 3339 1090 3418 cladem,
1115 3345 1293 3420 atempore
1317 3337 1433 3400 deinde

250 3425 453 3489 Ferdinandi
495 3427 522 3490 I.
564 3447 689 3509 semper
730 3427 838 3492 bullas
881 3430 1105 3512 episcoporum
1143 3427 1338 3510 Huugariae
1375 3447 1433 3508 per

249 3516 335 3579 viam
359 3522 517 3580 secretam
541 3517 644 3598 gratis
669 3517 814 3599 expediri
847 3519 994 3598 curabat,
1019 3539 1123 3601 neque
1147 3517 1270 3602 aliquid
1289 3516 1433 3580 solveba-

250 3611 306 3666 tur
329 3626 419 3668 sacro
443 3607 576 3688 collegio
601 3607 826 3686 cardinalium,
850 3609 905 3672 sed
930 3609 1129 3672 solummodo
1153 3607 1347 3672 officialibus
1363 3606 1432 3668 viae

249 3697 400 3757 secretae.
434 3693 529 3776 Quod
558 3696 618 3759 hoc
641 3697 748 3778 ipsum
772 3697 1026 3762 determinatum
1050 3699 1156 3762 estin
1181 3695 1432 3779 congregatione

249 3783 288 3846 de
312 3786 524 3867 propaganda
547 3785 611 3850 fide
635 3786 751 3850 habita
771 3806 879 3850 coram
895 3809 954 3851 sua
970 3789 1147 3852 sanctitate
1161 3809 1245 3852 auno
1262 3784 1431 3850 millesimo

248 3875 479 3937 sexcentesimo
495 3877 649 3957 vigesimo
665 3877 821 3940 secundo:
842 3875 970 3958 »Sexta
981 3885 1019 3941 ut
1029 3878 1138 3941 bullae
1148 3875 1431 3941 confirmationum

247 3963 493 4045 episcopatuum
528 3965 730 4047 Huugariae,
764 3967 798 4029 in
823 3967 974 4048 partibus
1006 3967 1187 4032 infidelium
1221 3965 1430 4030 existentium

247 4053 463 4134 expediantur
487 4076 544 4136 per
568 4056 652 4118 viam
677 4062 852 4135 secretam,
876 4057 933 4120 alii
957 4079 1032 4121 vero
1056 4057 1269 4139 episcopatus
1294 4056 1350 4137 qui
1374 4054 1430 4116 ha·

248 4141 326 4205 bent
336 4143 502 4224 propriam
513 4145 724 4208 residentiam
740 4151 773 4208 et
788 4154 964 4228 proventus
981 4148 1162 4212 sortiantur
1178 4147 1258 4210 alias
1275 4145 1427 4227 gratias«

355 4232 444 4295 Hinc
477 4240 534 4314 est,
567 4233 654 4314 quod
687 4256 771 4298 anno
803 4237 974 4301 millesimo
1006 4237 1238 4302 sexcentesimo
1264 4233 1429 4318 trigesimo

247 4326 338 4382 sexto
362 4327 395 4384 et
418 4343 503 4386 anno
526 4324 696 4388 millesimo
719 4327 950 4391 sexcentesimo
976 4327 1142 4409 trigesimo
1165 4332 1278 4390 octauo
1301 4345 1429 4389 sacrum

246 4409 418 4492 collegium
451 4413 668 4477 cardinalium
701 4415 940 4495 determinavit,
973 4424 1011 4480 ut
1043 4417 1152 4480 bullae
1186 4417 1427 4498 episcopatuum

248 4499 450 4584 Huugariae,
471 4503 528 4586 qui
547 4503 670 4568 habent
688 4511 874 4586 proventus,
894 4507 1111 4589 expediantur
1133 4528 1192 4588 pro
1216 4513 1347 4571 centum
1371 4506 1428 4568 dn·

245 4590 328 4652 catis
360 4591 394 4654 in
427 4611 555 4656 camera
589 4592 779 4657 dividendis.
814 4592 886 4677 Quo
918 4596 1031 4678 itaque
1059 4597 1178 4661 motivo
1203 4597 1268 4660 iam
1292 4597 1429 4660 mutatis
