3458 5492
464 451 483 489 A
506 450 627 489 uicina
650 450 709 490 nm.
733 449 863 488 nussum
887 449 941 488 soe
963 436 1193 488 rourum-mausz.
1359 427 1421 487 185

236 628 344 683 vestra
368 619 554 699 dominatio,
588 626 627 684 ut
650 620 719 684 sine
742 620 900 684 dilatione
928 619 1114 684 nominatus
1137 643 1157 684 a
1181 618 1274 684 nobis
1297 619 1332 683 in
1356 619 1423 701 epi·

237 727 368 790 scopum
391 709 597 774 admittatur.
622 709 753 774 Posouii
779 714 828 773 10.
853 708 980 792 Aprilis
1006 713 1100 772 1635.

347 868 491 934 (Egykord
520 866 575 918 irat
594 883 611 917 a
629 865 704 920 becsi
724 883 758 918 cs.
783 868 810 920 es
838 871 864 918 k.
894 866 981 918 titkos
1010 868 1191 920 leve'ltarban.
1220 871 1293 918 Ezen
1321 863 1423 931 inelyi

237 936 351 989 iratnak
370 954 386 989 a
405 954 521 1004 magyar
541 941 641 989 udvam'
661 939 884 991 cancellariaben
906 940 1013 990 kesziilt
1032 940 1060 991 e's
1080 939 1218 1004 Pazmany
1236 938 1345 990 kezevel
1367 940 1422 992 tor.

236 1010 298 1061 tent
315 1009 486 1074 javitasokat
505 1007 657 1061 felti'intetd
677 1009 877 1078 fogalmazatat
889 1015 915 1060 b.
930 1027 952 1061 e.
967 1010 1058 1062 Simon
1077 1012 1162 1063 Jenos
1181 1010 1423 1076 bibornoliprr'mts

236 1081 597 1148 ke'ziratgydjteme'nyeben
617 1083 737 1143 lattam.)

760 1383 909 1453 CXLV(

647 1552 741 1613 1635.
766 1555 943 1630 augusztus
969 1553 1019 1613 27.

237 1710 412 1793 Pdrmdoy
436 1711 534 1775 Peter
557 1708 758 1790 folpamodib
782 1710 976 1791 npdpdboe,
1000 1710 1085 1793 bopy
1101 1709 1281 1774 tetiutettel
1296 1729 1317 1774 a
1332 1729 1422 1796 napy

235 1801 450 1882 sedbee'prM
474 1819 612 1881 mopyor
637 1798 749 1880 tiroli,
765 1799 858 1883 jopai
884 1799 980 1863 torol
1002 1798 1168 1879 felmerrtlt
1191 1799 1259 1863 cito
1283 1799 1422 1883 vdpleqes

235 1891 393 1956 elddute'se
426 1890 500 1953 el'tt
532 1889 678 1971 helyma
708 1888 870 2062 Simrsipyrpp
887 1891 1020 1953 Ιετυάηΐ
1052 1909 1093 1953 aa
1124 1889 1249 1971 erdelyi
1276 1890 1421 1970 pdspdk·

345 2140 556 2206 Sanctissime
579 2147 683 2222 pater,
709 2140 838 2204 domine
861 2141 1098 2223 benignissime.
1214 2209 1220 2214 ,

343 2231 459 2294 Plures
484 2251 582 2312 quam
606 2229 745 2312 triginta
769 2237 846 2293 sunt
870 2233 957 2299 anni.
981 2252 1019 2294 ex
1044 2252 1116 2313 quo,
1141 2231 1272 2294 tametsi
1296 2249 1421 2310 semper

237 2320 397 2385 nominati
428 2319 553 2384 fuerint
585 2341 643 2400 per
666 2340 758 2402 reges
782 2319 978 2402 Hungariae
1002 2321 1142 2403 episcopi
1167 2319 1420 2396 Transilvaniae,

235 2431 328 2474 nemo
344 2416 454 2473 tamen
471 2410 602 2472 illorum
617 2409 667 2472 vel
683 2407 876 2473 beneficium
900 2409 985 2474 sedis
1008 2409 1202 2493 apostolicae
1226 2408 1422 2485 sollicitavit,

236 2506 273 2563 ut
297 2499 478 2565 consecrari
501 2498 611 2581 possit,
635 2499 684 2562 vel
710 2499 749 2562 de
778 2499 887 2562 reditu
911 2501 944 2562 in
970 2499 1232 2563 Transilvaniam
1256 2499 1420 2581 cogitavit.

236 2587 350 2670 Atque
373 2589 422 2652 ita
444 2588 643 2667 factumest,
668 2594 706 2650 ut
722 2609 781 2651 nec
797 2589 831 2651 in
847 2590 954 2653 locum
977 2590 1191 2672 pauculorum
1215 2589 1419 2652 sacerdotum

235 2679 292 2760 qui
316 2677 383 2742 illic
416 2685 518 2758 erant,
552 2678 726 2761 quisquam
749 2679 945 2758 succederet,
970 2699 1028 2742 nec
1054 2679 1122 2742 ulla
1145 2680 1317 2761 pastoralis
1341 2699 1421 2742 cura

236 2768 327 2850 gregi
361 2767 476 2850 exiguo
509 2768 747 2832 admoveretur'
779 2767 832 2830 Ex
868 2789 931 2850 quo
957 2769 1008 2830 vix
1032 2769 1097 2832 dici
1122 2776 1237 2850 potest,
1263 2775 1421 2851 quantam

237 2864 379 2940 stragem
403 2858 565 2938 acceperit
589 2879 640 2921 res
664 2856 831 2921 catholica.

344 2944 416 3028 Quo
441 2947 528 3010 circa
551 2947 608 3009 diu
633 2946 838 3028 multumque
863 2947 1018 3025 laboravi,
1046 2953 1083 3010 ut
1108 2947 1278 3029 religiosus
1301 2947 1421 3029 aliquis

235 3036 358 3101 ordinis
389 3036 496 3100 sancti
534 3036 712 3114 Francisci,
751 3036 879 3118 linguae
917 3057 954 3099 ac
993 3037 1101 3117 legum
1140 3038 1267 3118 patriae
1299 3057 1420 3118 gnarus

237 3126 448 3205 inveniretur,
466 3125 531 3207 =qui
563 3125 738 3206 apostolico
762 3145 851 3190 more
875 3121 966 3206 (uam
989 3126 1023 3190 in
1049 3125 1276 3190 Transilvauia
1300 3127 1420 3208 episco-

235 3237 296 3297 pus
329 3215 434 3279 nullos
458 3215 588 3278 omnino
617 3221 793 3296 proventus
807 3211 931 3295 babet)
955 3236 1115 3297 praesens,
1138 3216 1229 3280 illam
1253 3215 1420 3280 ecclesiam

235 3304 386 3368 adiutum
411 3304 482 3367 iret.
508 3302 571 3368 Sed
596 3325 669 3368 cum
694 3304 743 3368 vel
767 3303 806 3367 ob
827 3305 960 3382 senium,
985 3306 1034 3368 vel
1050 3305 1090 3369 ob
1108 3306 1172 3370 alia
1188 3305 1420 3387 impedimenta

235 3415 328 3458 nemo
345 3415 362 3457 e
378 3414 472 3458 sacra
487 3393 544 3456 illa
559 3394 685 3459 familia
700 3395 835 3458 idoneus
851 3395 1059 3476 reperiretur.
1079 3395 1245 3459 dominum
1262 3394 1419 3472 Simaudi,

235 3483 293 3547 diu
318 3505 337 3547 a
361 3504 411 3546 me
435 3491 468 3547 et
491 3485 525 3547 in
550 3484 711 3567 parochiis
735 3485 824 3548 etin
849 3485 1001 3566 capitulis
1026 3485 1199 3566 probatum
1223 3485 1337 3563 virum,
1361 3506 1420 3548 sua

236 3594 363 3656 quoque
387 3580 501 3656 sponte
517 3574 559 3636 ad
575 3595 644 3637 rem
661 3573 854 3638 catholicam
876 3574 1126 3656 promovendam
1151 3574 1419 3643 amantissimum.

236 3662 385 3745 integrae
417 3664 502 3726 vitae
527 3683 565 3726 ac
589 3663 704 3741 famae,
738 3663 844 3726 virum
872 3671 1046 3743 maturum,
1073 3685 1109 3728 eo
1133 3663 1264 3742 adduxi,
1289 3671 1328 3728 ut
1351 3665 1419 3728 sine

235 3753 363 3816 sacculo
387 3759 420 3816 et
443 3773 531 3835 pera,
555 3753 623 3816 sine
647 3753 722 3816 ullis
745 3752 992 3835 provisionibus,
1020 3755 1232 3836 apostolicum
1257 3754 1419 3838 episcopa·

235 3847 306 3905 tum
339 3843 373 3905 in
407 3841 636 3906 Transilvania
668 3849 841 3906 exerceret.
875 3840 970 3924 Quod
996 3850 1029 3907 et
1052 3844 1202 3923 libenter,
1235 3865 1308 3908 cum
1333 3846 1419 3908 vitae

234 3932 333 3994 etiam
357 3931 500 4013 periculo
525 3952 558 3994 se
581 3933 747 3995 facturum
771 3933 920 4013 suscepit.

342 4019 531 4085 Difficultas
555 4042 677 4085 uunca
700 4041 794 4086 sacra
817 4041 927 4084 rerum
947 4021 1220 4086 consistorialium
1244 4043 1418 4104 congrega-

234 4109 322 4173 tione
346 4117 433 4174 mota
456 4117 514 4188 est,
549 4111 588 4174 de
620 4112 700 4174 iure
723 4111 1002 4193 praesentationis,
1035 4133 1077 4175 an
1116 4111 1185 4194 regi
1224 4109 1418 4194 Hungariae

234 4206 414 4282 competat,
440 4207 473 4263 et
496 4221 553 4281 per
578 4200 663 4264 hanc
687 4200 955 4282 disceptationem
978 4220 1057 4264 cura
1079 4201 1264 4266 animarum
1287 4209 1320 4266 et
1343 4202 1418 4265 reli-

235 4289 338 4370 gionis
362 4289 560 4354 detrimenta
584 4289 804 4372 negliguntur.

342 4376 414 4460 Quo
438 4379 524 4442 circa
547 4379 735 4456 humillime,
759 4379 801 4442 ad
825 4380 921 4460 pedes
945 4380 1132 4444 sanctitatis
1157 4387 1283 4444 vestrae
1305 4401 1417 4462 provo·

234 4467 332 4546 lutus,
357 4467 493 4532 demisse
517 4488 603 4551 roge,
628 4475 666 4531 ut
682 4469 842 4551 siquidem
859 4470 1028 4533 sanctitati
1044 4480 1171 4534 vestrae
1195 4471 1244 4535 ita
1258 4471 1416 4548 videatur,

234 4563 272 4620 nt
305 4557 344 4621 de
377 4558 448 4622 iure
480 4559 565 4640 regis
598 4558 793 4640 Hungariae
826 4556 1035 4642 disceptetur,
1068 4561 1191 4641 absque
1216 4557 1416 4642 praeiudicio
