3458 5492
293 430 357 489 200
789 436 977 488 oxuavrturin

291 625 372 702 patu
405 617 621 702 Strigoniensi
655 625 733 682 tunc
767 618 1036 683 deliberationem
1059 619 1308 701 suspenderunt,
1333 619 1476 683 volentes

291 709 403 792 procul
427 708 527 772 dubio
550 708 668 786 videre,
693 730 735 772 an
758 730 809 772 me
825 710 969 790 ipsorum
986 708 1190 791 dispositioni
1207 709 1476 773 accomodaturus

292 820 402 878 essem,
435 818 493 862 nee
517 819 565 862 ue.
599 794 694 879 Quod
720 798 746 861 si
772 799 804 860 in
830 797 964 861 minimo
989 820 1038 862 me
1067 799 1295 880 opposuissem,
1326 819 1385 862 nec
1417 820 1477 882 pro

292 889 356 952 alio
379 909 543 971 quoquam
568 888 710 969 gratiam
743 886 890 951 obtinere
924 888 1108 970 potuissem.
1143 886 1196 952 Sic
1228 888 1332 970 igitur
1355 888 1476 966 videns

292 999 343 1041 me
375 999 443 1041 esse
467 978 690 1055 constrictum,
714 985 747 1040 et
771 978 979 1041 considerans
1012 977 1157 1041 dominos
1190 979 1351 1060 praelatos
1380 978 1476 1041 Hun-

293 1069 403 1148 gariae
427 1066 566 1150 petendo
590 1067 730 1148 gratiam
755 1074 961 1144 annatarurn,
995 1089 1174 1149 supponere
1197 1069 1249 1150 jus
1272 1069 1356 1132 sacri
1382 1068 1477 1131 colle-

292 1157 346 1239 gii,
369 1157 442 1221 ideo
466 1179 545 1236 eam,
569 1177 653 1237 quae
677 1156 755 1219 mihi
785 1156 896 1220 oblata
919 1155 984 1220 luit
1008 1157 1150 1238 gratiam
1174 1158 1348 1239 acceptavi.
1381 1155 1476 1239 Quod

292 1267 366 1310 oum
390 1247 608 1312 advertissent
632 1246 755 1308 domini
778 1247 968 1326 cardinales,
992 1246 1142 1328 pluribus
1167 1247 1304 1310 evolutis
1324 1248 1477 1329 septima-

292 1337 342 1400 nis
376 1336 554 1400 difficulter
587 1335 736 1416 equidem
769 1343 802 1398 et
835 1358 899 1400 non
924 1336 992 1399 sine
1017 1337 1254 1419 disciplicentia
1283 1337 1477 1419 aliquorum,

293 1427 426 1490 tandem
458 1447 516 1510 pro
549 1433 680 1489 centum
713 1426 820 1489 aureis
854 1426 887 1488 in
921 1426 1110 1490 divisionem
1143 1426 1302 1490 solvendis
1338 1434 1477 1490 annatas

293 1515 422 1579 domino
454 1515 693 1596 archiepiscopo
727 1515 925 1578 relaxarunt.
959 1515 1014 1579 Ita
1046 1517 1151 1599 spatio
1184 1516 1295 1579 decem
1318 1517 1477 1579 mensium

293 1607 454 1688 superatis
494 1603 755 1684 difficultatibus
796 1605 1065 1669 tribulationibus
1093 1611 1131 1668 et
1170 1605 1477 1670 mortificationibus

292 1695 450 1778 plurimis,
483 1696 567 1758 hanc
601 1695 740 1774 gratiam
771 1693 919 1758 obtinere
944 1695 997 1757 vix
1019 1695 1121 1777 potui.
1155 1694 1295 1774 Sufficit,
1328 1696 1415 1777 quod
1440 1716 1477 1758 ea

293 1785 437 1864 obtenta,
461 1807 520 1866 pro
545 1784 679 1865 reliquis
703 1783 841 1848 dominis
867 1785 1022 1867 episcopis
1047 1807 1110 1850 non
1135 1784 1199 1848 fuit
1222 1785 1364 1848 multum
1388 1784 1476 1848 labo-

293 1875 442 1954 randum,
474 1874 569 1938 facile
592 1874 678 1936 enim
702 1895 760 1954 pro
783 1874 843 1937 hac
868 1875 935 1937 vice
959 1875 1213 1956 impetravimus
1246 1874 1349 1939 Venit
1372 1874 1476 1956 igitur

294 1963 814 2042 ulteriusinconsiderationem,
839 1965 918 2046 quid
943 1964 982 2027 de
1008 1965 1120 2028 futuro
1145 1964 1330 2028 faciendum
1354 1962 1422 2027 sit?

401 2052 468 2116 Ubi
492 2074 551 2136 pro
575 2052 690 2116 maiori
718 2053 839 2117 lumine
872 2054 1117 2133 advertendum,
1150 2054 1343 2117 solutionem
1376 2076 1478 2118 anna·

293 2149 412 2222 tarum,
437 2149 474 2208 ut
497 2165 596 2226 supra
620 2141 753 2222 dictum,
778 2164 835 2207 nos
859 2145 892 2206 in
916 2165 1068 2226 praesens
1092 2165 1206 2207 vocare
1222 2145 1255 2206 in
1276 2143 1476 2226 questionem

294 2255 357 2296 non
381 2254 490 2316 posse:
515 2239 564 2296 est
588 2233 673 2295 enim
697 2233 779 2295 iuris
804 2234 886 2297 sacri
912 2233 1045 2315 collegii,
1070 2233 1103 2296 in
1128 2233 1220 2297 cuius
1243 2239 1406 2315 potestate
1429 2239 1478 2296 est

293 2324 343 2386 vel
366 2323 504 2405 exigere,
528 2323 577 2385 vel
602 2322 758 2386 relaxare.
798 2322 960 2386 Iniuriam
985 2329 1094 2387 tamen
1117 2345 1175 2386 nos
1199 2324 1268 2405 pati
1292 2324 1326 2385 in
1351 2322 1477 2386 duobus

293 2420 419 2477 certum
436 2420 493 2478 est.

401 2503 513 2567 Primo
537 2503 571 2564 in
595 2523 640 2580 eo,
665 2501 752 2583 quod
775 2500 897 2564 domini
922 2501 1103 2564 cardinales
1124 2503 1257 2584 exigant
1281 2507 1421 2565 annatas
1444 2500 1478 2563 in

294 2613 331 2655 eo
347 2592 465 2674 vigore,
489 2599 589 2673 atque
613 2591 640 2654 si
664 2591 867 2672 episcopatus
891 2591 995 2654 nostri
1019 2597 1125 2654 essent
1148 2591 1182 2654 in
1207 2591 1352 2672 antique,
1377 2611 1478 2672 eoque

294 2680 520 2746 florentissimo
544 2686 643 2760 statu,
675 2700 748 2744 cum
782 2688 892 2744 tamen
916 2679 969 2743 vix
994 2681 1142 2762 quintam
1167 2687 1294 2764 partem
1317 2679 1479 2763 possidea-

295 2793 367 2834 mus
390 2793 510 2850 eorum,
544 2791 627 2853 quae
650 2771 754 2834 nostri
778 2769 1038 2852 praedecessores
1054 2771 1258 2834 -lrabuerunt
1292 2768 1478 2834 Secundum

295 2861 437 2942 vigorem
469 2863 581 2942 itaque
613 2861 694 2924 iuris
727 2866 759 2923 et
792 2859 947 2938 iustitiae,
987 2859 1043 2923 ubi
1082 2861 1240 2923 medietas
1274 2861 1478 2942 episcopatus

295 2950 440 3031 decessit,
473 2951 631 3014 medietas
663 2951 761 3012 etiam
796 2956 993 3013 aunatarum
1027 2949 1179 3014 solvenda
1212 2955 1294 3013 esset
1319 2956 1352 3012 et
1375 2949 1421 3012 sic
1444 2950 1478 3011 in

295 3041 429 3123 reliquis
452 3047 580 3104 servata
604 3039 715 3104 debita
738 3041 956 3122 proportione.
979 3039 1044 3102 Pro
1069 3040 1194 3103 meliori
1219 3040 1329 3120 itaque
1360 3039 1479 3103 notitia

295 3138 432 3195 annecto
456 3130 509 3193 hic
533 3151 691 3194 summam
716 3136 914 3194 auratarum
938 3151 978 3192 ex
1001 3129 1094 3192 libris
1120 3149 1267 3193 camerae
1283 3130 1478 3209 apostolicae

296 3221 532 3303 descriptarum
557 3240 595 3283 ac
618 3219 803 3300 antiquitus
827 3218 867 3282 ab
893 3219 1132 3302 episcopatibus
1165 3218 1359 3300 Hungariae
1393 3218 1478 3299 exigi

295 3311 475 3388 solitarum,
514 3315 551 3373 ut
582 3309 671 3372 faeta
704 3309 876 3372 collatione
907 3310 1088 3391 praesentis
1127 3307 1334 3372 ecelesiarum
1373 3315 1479 3370 status

296 3421 369 3463 cum
393 3398 496 3483 priori
519 3397 748 3462 florentissimo
772 3398 867 3462 facile
891 3399 1018 3462 adverti
1041 3399 1151 3481 possit,
1182 3398 1282 3461 etiam
1306 3397 1347 3460 de
1369 3398 1479 3479 vigore

296 3490 445 3554 deductis
467 3489 621 3553 oneribus
644 3509 708 3552 non
733 3509 800 3551 esse
824 3510 975 3570 magnam
999 3510 1158 3551 summam
1182 3493 1379 3552 annatarum
1401 3507 1480 3568 pen-

296 3581 445 3644 dendam.

404 3756 678 3839 Archiepiscopus
704 3753 936 3837 Strigoniensis
962 3755 1106 3820 solvebat
1228 3753 1258 3816 fl.
1283 3757 1371 3816 4000

405 3847 611 3929 Agriensis...
1227 3842 1258 3906 fl.
1274 3847 1371 3906 *3000

404 3935 792 4019 Quinqueecclesiensis...
1229 3932 1259 3996 fl.
1284 3937 1371 3996 3300

406 4026 670 4108 Wesprimiensis
1038 4075 1059 4087 ..
1228 4023 1258 4086 fl.
1307 4027 1371 4084 900

404 4115 590 4180 Jauriensis
1229 4111 1259 4176 fl.
1306 4116 1371 4174 800

404 4205 592 4271 Vacziensis
1229 4200 1259 4264 fl.
1307 4205 1370 4264 500

405 4295 600 4359 Nittriensis
1229 4290 1259 4354 fl.
1307 4294 1369 4352 275

407 4384 679 4467 Archiepiscopus
695 4383 878 4449 Colocensis
1229 4379 1259 4444 fi.
1286 4384 1371 4442 2000

406 4473 636 4556 Zagrabiensis
1229 4469 1259 4533 fl.
1284 4473 1371 4532 2400

407 4563 708 4646 Transylraniensis
1228 4559 1258 4622 fl.
1286 4562 1371 4622 1500
