3454 5492
344 457 407 522 lod
838 467 1025 523 0111111111
1081 480 1095 488 ”
1134 485 1137 492 ·
1220 479 1222 486 ’

342 677 457 719 norum
485 655 662 722 mobilium.
693 677 816 720 necnon
846 656 1064 739 preciosorum
1095 655 1265 720 mobilium
1296 676 1404 720 mense
1436 652 1523 718 dicte

342 747 473 810 ecclesie
506 746 567 810 tibi
600 746 729 828 penitus
762 747 948 826 interdicta,
981 747 1067 810 dicte
1100 746 1232 810 ecclesie
1258 753 1370 810 tenore
1393 764 1522 828 presen-

341 837 424 899 tium
448 835 677 900 constituimus
709 841 742 900 et
773 835 976 918 deputamus,
1000 858 1112 900 curam
1143 843 1176 900 et
1207 835 1523 900 administrationem

341 925 442 1006 ipsius
475 925 606 990 ecclesie
640 925 701 989 tibi
734 926 767 988 in
801 926 918 990 eisdem
956 925 1182 1008 spiritualibus
1215 931 1248 988 et
1281 924 1523 1013 temporalibus

342 1020 379 1078 ut
410 1015 585 1096 prefertur,
624 1016 710 1079 dicto
750 1021 882 1080 tantum
924 1014 1065 1081 durante
1104 1015 1234 1080 biennio
1272 1013 1523 1090 committendo,

341 1104 636 1189 nonobstantibus
668 1106 957 1171 constitutionibus
980 1111 1013 1168 et
1040 1105 1302 1170 ordinationibus
1335 1103 1521 1188 apostolicis

341 1195 513 1260 contrariis
530 1195 786 1278 quibuscunque.
797 1195 958 1263 Volumus
977 1201 1097 1275 autem,
1114 1196 1200 1277 quod
1225 1195 1367 1268 durante
1391 1192 1522 1259 biennio

341 1283 534 1366 huiusmodi,
563 1292 735 1368 propterea
759 1308 838 1351 cura
862 1285 992 1352 ecclesie
1019 1285 1208 1365 Waciensis,
1240 1287 1293 1348 cui
1327 1290 1364 1347 tu
1396 1304 1523 1366 preesse

341 1373 547 1457 dignosceris,
581 1376 768 1440 nullatenus
792 1376 996 1458 negligatur;
1030 1375 1182 1458 quodque
1206 1375 1342 1454 fructus,
1373 1373 1523 1438 redditus

341 1469 374 1526 et
397 1471 573 1547 proventus
606 1465 736 1530 ecclesie
769 1463 1002 1548 Strigoniensis
1030 1465 1225 1545 huiusmodi,
1257 1465 1313 1547 qui
1347 1463 1467 1530 debitis
1491 1467 1524 1526 et

340 1556 499 1619 consuetis
532 1557 732 1640 supportatis
765 1556 917 1621 oneribus
949 1576 988 1619 ac
1020 1555 1134 1620 solutis
1167 1555 1287 1620 debitis
1317 1575 1375 1637 per
1417 1553 1523 1617 archi-

341 1644 525 1730 episcopum
559 1643 749 1710 deiunctum
783 1644 968 1726 contractis
1001 1665 1125 1710 necnon
1163 1645 1313 1711 deductis
1346 1644 1524 1709 ducentum

342 1733 470 1799 ducatis
494 1735 568 1798 auri
591 1736 631 1798 de
655 1756 793 1816 camera,
808 1757 871 1818 que
894 1736 994 1799 etiam
1017 1735 1150 1818 propria
1175 1736 1375 1799 auctoritate
1398 1737 1524 1798 annua-

341 1823 401 1887 tim
434 1824 561 1889 interea
598 1825 726 1889 ratione
765 1825 1059 1890 administrationis
1097 1825 1282 1890 huiusmodi
1322 1821 1523 1907 percipiendi

341 1915 572 1996 superfuerint,
605 1915 639 1978 in
664 1915 788 1979 arcium
820 1916 862 1980 ad
896 1915 982 1979 dicte
1016 1914 1147 1980 ecclesie
1179 1937 1322 1980 mensam
1356 1913 1523 1996 pertinen-

341 2003 424 2066 tium
448 2025 485 2069 ac
510 2003 745 2069 fortaliciorum
769 2005 1032 2088 limitrophorum
1055 2005 1157 2088 ipsius
1181 2005 1283 2088 regni,
1308 2025 1366 2087 pro
1393 2001 1523 2068 ecclesie

341 2099 374 2156 et
407 2095 500 2176 regni
538 2095 760 2177 predictorum
799 2096 840 2161 ab
873 2097 952 2178 ipsis
985 2095 1102 2160 Turcis
1134 2097 1196 2160 toti
1228 2094 1406 2178 reipublice
1438 2093 1523 2158 chri-

341 2183 447 2248 stiane
490 2183 635 2266 proficua
682 2185 908 2266 defensionem,
956 2187 1229 2250 restaurationem
1268 2191 1301 2249 et
1338 2185 1420 2249 alias
1465 2203 1523 2265 pro

340 2273 471 2338 ecclesie
503 2279 536 2337 et
568 2275 657 2339 illius
689 2276 848 2340 benorum
872 2298 910 2341 ac
933 2277 1025 2359 regni
1059 2275 1244 2340 huiusmodi
1275 2273 1523 2357 preservatione,

340 2363 435 2444 juxta
464 2364 632 2446 providam
655 2387 713 2448 per
737 2371 769 2429 te
793 2366 931 2448 desuper
954 2366 995 2430 de
1018 2387 1174 2430 consensu
1207 2365 1287 2430 dicti
1319 2361 1523 2428 Ferdinandi

340 2453 425 2534 regis
458 2452 608 2518 iacienda
637 2457 829 2537 provisione,
854 2460 1061 2538 exponantur
1095 2462 1127 2520 et
1160 2460 1336 2538 erogentur
1369 2458 1402 2517 et
1425 2452 1523 2516 iidem

339 2542 427 2606 inira
451 2543 575 2608 dictum
599 2545 768 2608 biennium
790 2545 877 2609 idem
900 2545 1108 2609 Ferdinadus
1132 2567 1190 2610 rex
1213 2545 1255 2608 ad
1279 2544 1402 2608 dictam
1424 2542 1524 2607 eccle-

340 2631 421 2696 siam
454 2630 709 2716 Strigoniensem
742 2635 892 2700 idoneam
924 2635 1016 2699 nobis
1050 2641 1084 2698 et
1116 2635 1202 2699 dicte
1235 2635 1303 2699 sedi
1335 2638 1523 2718 presentare

340 2723 470 2787 omnino
503 2728 663 2804 teneatur,
697 2724 841 2808 alioquin
875 2724 962 2789 dicto
995 2725 1126 2790 biennio
1150 2725 1258 2807 elapso
1282 2723 1523 2789 administratio

340 2832 397 2894 per
429 2833 487 2876 nos
520 2813 582 2877 tibi
610 2815 779 2879 commissa
802 2815 988 2879 huiusmodi
1013 2835 1049 2878 eo
1073 2815 1142 2899 ipso
1166 2821 1276 2894 cesset,
1309 2812 1410 2878 aede
1435 2812 1523 2876 dicta

341 2902 474 2966 ecclesia
497 2925 554 2985 per
578 2917 635 2968 nos
659 2911 692 2968 et
715 2905 823 2968 sedem
847 2904 1028 2989 predictam
1053 2905 1216 2988 provideri
1245 2904 1353 2988 possit.
1388 2903 1522 2967 Datum.

447 2992 606 3078 Institum
629 2993 695 3059 fuit
717 3016 776 3078 pro
800 3002 894 3078 parte
918 2995 999 3059 dicti
1023 2995 1218 3060 serenissimi
1236 2995 1330 3078 regis,
1350 2999 1382 3057 et
1402 2991 1521 3057 sancti-

340 3087 390 3144 tas
415 3103 474 3147 sua
499 3083 562 3147 fuit
586 3090 739 3148 contenta
763 3081 909 3150 subhac
928 3085 1039 3149 forma.

992 3209 1038 3273 Μ.
1063 3209 1238 3274 cardinalis
1261 3206 1478 3272 crescentius.

448 3364 588 3433 Egylrorr'r,
609 3365 707 3419 datum
726 3366 832 3419 nellrt‘rli
852 3367 977 3432 mesolat,
997 3368 1072 3434 moly
1091 3367 1236 3419 Rdmtban
1254 3365 1369 3431 kesziilt,
1393 3363 1522 3417 1116111-

340 3435 406 3488 kezd
427 3435 633 3504 lelJ'egyze'ssel:
649 3438 729 3492 »Dise
750 3443 840 3506 Oopey
853 3438 911 3490 ‘soll
929 3439 975 3492 bei
995 3439 1058 3491 dem
1077 3439 1221 3492 schreiben
1240 3456 1269 3490 sc
1288 3437 1402 3491 deshalb
1422 3454 1458 3489 an
1478 3436 1522 3489 die

340 3507 532 3576 Hungarische
561 3513 687 3562 Gammer
715 3510 833 3580 ausgeht
851 3510 897 3562 bei
917 3510 966 3563 der
984 3510 1152 3580 registretur
1179 3509 1311 3563 behalten
1330 3509 1450 3562 werden.
1481 3517 1522 3560 14.

340 3579 409 3631 Julii
443 3587 500 3633 50.‹
531 3583 555 3632 Δ
575 3581 649 3633 bessi
678 3598 713 3634 cs.
733 3585 761 3634 es
785 3581 837 3634 kir.
866 3582 1195 3652 penziigyminiszterium
1222 3581 1422 3635 levelts'eraban.
1451 3585 1523 3633 Ezen

339 3652 432 3716 breve,
452 3669 468 3704 1
487 3650 614 3704 fentebbi
634 3653 789 3712 (1111111111
809 3654 920 3719 ellatva,
942 3653 1096 3706 avatilrani
1116 3655 1298 3719 leveltarban,
1319 3657 1440 3724 Regesta
1458 3658 1521 3704 Bre-

340 3722 426 3775 vium.
446 3728 522 3776 Arm.
542 3729 614 3776 XLI.
634 3723 693 3777 Vol.
716 3733 757 3778 56.
776 3742 852 3777 num.
869 3735 927 3778 571.
