3458 5492
322 431 386 490 208
818 435 1006 486 ounuvrturln

319 622 344 686 li
369 621 527 685 vescovati
552 620 608 684 alli
624 620 714 701 quali
730 640 869 683 saranno
885 619 965 682 stati
981 619 1151 695 nominati,
1175 638 1238 680 non
1255 617 1363 679 hanno
1388 615 1505 678 alcuna

321 711 450 775 rendiia
474 711 591 774 sioome
614 731 655 772 ne
678 710 792 773 scrisse
816 710 840 773 il
857 709 985 790 signore
1009 708 1176 771 cardinale
1199 705 1372 770 Lodovisio
1396 705 1505 768 buona

320 801 476 865 memoria
509 823 528 864 a
560 799 767 881 monsignore
793 819 925 862 vescovo
959 797 988 860 d'
1014 796 1164 860 Anversa
1195 797 1247 859 all'
1281 817 1339 858 ora
1378 793 1505 872 nunnio,

320 897 406 954 sotto
430 890 453 952 li
477 889 522 952 X.
546 890 579 952 di
603 886 754 953 Gennaio
781 892 875 951 1626.

430 1031 519 1092 (Bessi
539 1028 635 1080 allami
653 1029 779 1080 leveltar.
800 1031 892 1078 (lodex
912 1034 972 1078 267.
992 1044 1018 1093 p.
1041 1028 1111 1086 569.)

836 1314 995 1380 OLVIH.

781 1463 932 1522 loeo-5
959 1459 1057 1542 lajan.

483 1605 669 1669 Entellino
692 1625 713 1668 u
737 1624 874 1686 rouqqur
899 1602 1010 1684 loiruly
1035 1601 1174 1685 thpurl
1197 1599 1346 1684 ι10901101.

431 1744 483 1808 De
504 1747 576 1828 jure
601 1745 686 1826 regis
711 1743 905 1825 Hungariae
930 1744 963 1806 in
989 1744 1206 1822 ecclesiastica
1230 1743 1395 1806 beneficia.

433 1833 529 1900 Circa
552 1835 604 1916 jus
627 1834 713 1916 regis
737 1833 931 1915 Hungariae
955 1835 989 1896 in
1014 1834 1231 1898 ecclesiastica
1263 1832 1421 1896 beneficia
1454 1855 1509 1896 sex

324 1925 529 2008 quaestiones
561 1924 654 1987 video
686 1923 806 1987 adduci
838 1944 937 2005 posse.
972 1923 1098 1988 Princo.
1131 1921 1188 1986 An
1227 1923 1318 2004 regia
1356 1923 1508 2004 majestas

324 2035 412 2078 more
440 2015 578 2078 aliorum
601 2019 815 2095 patronorum
839 2020 970 2076 tanturn
995 2013 1115 2076 habeat
1137 2015 1189 2095 jus
1213 2013 1443 2094 praesentandi
1476 2018 1509 2076 et

327 2104 525 2184 nominandi,
558 2104 607 2167 vel
640 2104 748 2185 potius
780 2103 852 2184 jure
884 2103 1042 2185 peculiari
1082 2123 1218 2166 coronae
1257 2103 1357 2184 possit
1391 2103 1509 2184 eligere

325 2194 488 2276 praelatos
514 2199 547 2256 et
571 2193 718 2256 conferre
737 2191 896 2256 beneficia
913 2188 1167 2257 ecclesiastica?
1182 2191 1344 2256 Secundo.
1368 2189 1426 2256 Au
1442 2213 1508 2256 ma·

326 2285 425 2364 jestas
449 2305 508 2348 sua
532 2283 621 2346 licite
644 2283 746 2366 possit
770 2283 863 2346 annis
888 2282 1015 2364 aliquot
1039 2283 1190 2346 vacantia
1209 2283 1393 2364 relinquere
1413 2281 1509 2345 bene-

326 2372 408 2449 ficia,
442 2378 479 2435 ut
515 2394 626 2439 eorum
661 2371 873 2454 proventibus
913 2372 1126 2436 difficultates
1165 2371 1233 2436 fisci
1273 2369 1509 2434 sublevantur?

328 2461 451 2526 Tertio.
476 2460 533 2524 An
558 2483 649 2543 reges
674 2461 868 2543 Hungariae
892 2463 1016 2544 possint
1040 2460 1198 2526 beneficia
1222 2461 1438 2525 ecclesiastica
1454 2483 1509 2543 op-

326 2551 500 2634 pignorare
533 2549 760 2616 secularibus?
795 2551 932 2630 Quarto.
964 2550 1022 2616 An
1056 2552 1170 2614 saltem
1205 2557 1279 2614 tuta
1313 2552 1510 2614 conscientia

326 2641 426 2724 possit
459 2641 612 2721 majestas
645 2662 703 2704 sua
736 2647 882 2722 tempore
914 2642 1092 2705 vacationis
1125 2640 1274 2704 beneficii
1298 2663 1317 2703 a
1340 2642 1412 2722 jure
1436 2661 1509 2722 per·

326 2733 430 2809 misso,
455 2731 515 2793 hoc
548 2736 597 2794 est
623 2730 712 2794 intra
736 2737 803 2793 tres
829 2736 1010 2812 quatuorve
1034 2751 1166 2807 menses
1190 2731 1357 2813 percipere
1382 2730 1509 2794 fructus

326 2818 442 2894 illius?
463 2819 600 2898 Quinto.
615 2818 673 2884 An
690 2819 823 2884 mobilia
845 2821 986 2902 praelati
1010 2820 1157 2884 defuncti
1173 2841 1231 2902 per
1247 2819 1378 2884 modum
1395 2821 1509 2902 spolio·

326 2933 400 2975 rum
416 2911 518 2992 possit
533 2909 596 2974 sibi
612 2909 784 2973 vendicare
800 2910 891 2991 regia
907 2907 1084 2992 majestas?
1105 2906 1212 2976 Sexto.
1231 2908 1286 2974 An
1306 2931 1397 2992 reges
1413 2909 1510 2974 Hun-

327 3001 437 3082 gariae
461 3000 549 3062 salva
573 2999 771 3063 conscientia
793 3000 962 3081 pensiones
979 3001 1177 3064 solutionum
1198 3000 1391 3063 militarium
1408 2999 1511 3081 impo-

327 3111 404 3153 nere
427 3091 552 3172 possint
575 3089 726 3168 ecclesiis,
751 3089 810 3153 sub
835 3097 1011 3172 praetextu
1035 3089 1231 3154 defensionis
1259 3087 1410 3172 patriae?
1436 3089 1510 3152 Hae

326 3200 422 3262 porro
457 3179 661 3260 quaestiones
694 3179 728 3242 in
761 3180 800 3242 iis
833 3180 937 3242 solum
970 3180 1167 3262 praelaturis
1201 3179 1379 3260 majoribus
1404 3179 1509 3242 locuni

326 3268 459 3347 habent,
483 3290 567 3350 quae
590 3269 755 3332 ordinarie
779 3269 904 3347 aregio
928 3270 1099 3351 majestate
1124 3268 1347 3347 conferuntur,
1372 3291 1447 3331 nam
1471 3268 1510 3332 de

327 3359 464 3422 caeteris
498 3357 662 3422 beneficiis
695 3359 877 3422 minoribus
909 3360 990 3422 certi
1018 3358 1101 3442 juris
1126 3381 1164 3422 ac
1188 3359 1286 3422 moris
1311 3363 1368 3437 est,
1401 3379 1509 3440 regern

327 3448 409 3510 nihil
432 3449 548 3512 horum
572 3465 693 3530 posses

724 3588 872 3652 Prima
896 3591 1114 3671 quaestio.

434 3729 490 3794 An
523 3751 581 3794 rex
614 3731 809 3813 Hungariae
842 3755 929 3796 ruore
962 3735 1100 3798 alioruin
1134 3739 1347 3814 patronorum
1383 3740 1511 3798 tanturn

327 3820 448 3884 habeat
464 3821 516 3903 jus
531 3821 763 3902 praesentandi
781 3827 814 3884 et
827 3823 1026 3902 nominandi,
1050 3824 1100 3887 vel
1124 3823 1233 3905 potius
1258 3825 1330 3904 jure
1354 3824 1510 3906 peculiari

327 3931 464 3974 coronae
480 3911 580 3992 possit
596 3911 715 3992 eligere
725 3913 888 3992 praelatos
900 3920 932 3976 et
944 3913 1090 3976 conferre
1101 3911 1258 3976 beneficia
1268 3912 1512 3979 ecclesiastiea?

435 3999 460 4062 J
463 4021 520 4064 ure
544 4002 708 4064 communi
727 4001 810 4064 nulli
829 4001 911 4065 laico
928 4004 1118 4066 conceditur
1135 4003 1264 4066 collatio
1281 4002 1511 4067 beneficiorum

327 4089 628 4168 ecclesiasticorum,
654 4098 690 4154 ut
710 4097 838 4154 constat
859 4113 896 4154 ex
913 4090 990 4174 Cap.
1016 4091 1221 4169 Sacrosanta,
1245 4090 1323 4175 Oap.
1347 4093 1512 4172 Messana,

328 4179 367 4242 de
392 4179 549 4243 electione
574 4178 669 4244 Oan:
698 4179 830 4260 Siquis
856 4182 1006 4264 deinceps
1034 4189 1082 4245 16.
1109 4189 1136 4246 2.
1164 4187 1191 4246 7.
1215 4179 1293 4246 (lan.
1318 4183 1511 4246 Hadrianus

328 4268 413 4332 Dist.
439 4274 488 4331 63.
514 4276 546 4332 et
570 4290 664 4351 saepe
687 4269 776 4348 alibi,
801 4293 864 4352 quo
889 4273 975 4335 circa
998 4273 1130 4354 patroni
1151 4271 1359 4336 ecclesiarum
1384 4273 1511 4336 ratione

328 4357 531 4422 fundationis
564 4359 613 4421 vel
647 4360 824 4424 dotationis
857 4361 981 4424 habent
1014 4363 1146 4444 quidem
1178 4363 1229 4442 jus
1266 4361 1454 4450 nominandi
1478 4368 1511 4425 et

327 4447 559 4530 praesentandi
583 4447 624 4512 ad
648 4448 814 4529 beneficia,
839 4451 890 4533 jus
907 4457 1015 4514 tamen
1033 4450 1222 4516 conferendi
1245 4449 1402 4514 beneficia
1426 4472 1510 4514 com-

328 4539 418 4600 muni
442 4539 514 4620 jure
537 4558 600 4600 non
626 4537 757 4602 habent.
