3454 5492
443 474 462 514 1
486 473 607 514 uterne
631 473 689 512 11111.
713 473 843 513 11111111
866 473 919 513 roc
943 459 1170 514 utantuurtunz.
1336 451 1402 512 105'

681 853 683 858 Ι
741 773 933 838 LXXXH.

643 939 737 999 1565.
762 936 936 999 november
961 939 988 997 9.

219 1097 354 1177 Delfino
387 1095 555 1162 Zolariots
587 1095 739 1160 biberant
772 1097 953 1178 te'ra'toe'nyc
978 1115 998 1160 a
1019 1093 1115 1178 pydri
1136 1094 1401 1177 1111111119αῶ-

219 1185 458 1268 ministrctio'jo
474 1184 629 1270 dppe'ben,
645 1206 666 1250 a
682 1184 826 1267 aalydem
844 1183 976 1250 1111111111
992 1187 1109 1268 magnit,
1132 1185 1216 1268 boqy
1232 1204 1272 1248 aa
1288 1186 1401 1266 orsadp

395 1275 577 1359 torocnyeit
600 1279 632 1340 c's
657 1274 867 1359 liodltsctqoit
892 1274 1088 1340 tisrteletben
1113 1273 1225 1356 tartjn

325 1439 397 1521 Ego
421 1437 462 1502 N.
487 1443 546 1502 etc.
571 1441 686 1500 notum
709 1436 859 1501 omnibus
883 1440 916 1500 et
939 1435 1077 1518 singulis
1100 1436 1183 1500 facio
1207 1457 1257 1500 me
1281 1435 1400 1519 episco-

218 1533 332 1611 patum
356 1528 398 1593 N.
422 1549 442 1592 a
465 1549 557 1592 saera
591 1547 720 1590 cesarea
753 1526 909 1610 regiaque
940 1527 1112 1590 maiestate
1144 1532 1335 1610 acceptasse,
1367 1531 1402 1589 et

219 1619 411 1700 promisisse,
450 1619 548 1682 sicuti
587 1636 673 1680 nuno
706 1617 807 1681 etiam
840 1616 879 1680 de
912 1615 1000 1680 facto
1032 1618 1197 1699 promitto,
1236 1639 1287 1680 me
1320 1616 1401 1680 velle

218 1709 389 1792 privilegia
413 1714 446 1772 et
468 1707 640 1772 libertates
663 1707 757 1794 regni
780 1705 955 1789 Hungarie
978 1727 1104 1788 semper
1135 1707 1315 1786 observare,
1342 1728 1401 1789 pro

219 1799 342 1864 viribus
367 1797 540 1878 defendere
563 1818 601 1862 ac
625 1795 712 1860 tueri
728 1795 761 1860 in
782 1796 941 1878 omnibus,
965 1797 1173 1880 eiusdemque
1197 1797 1402 1880 episcopatus

218 1909 318 1960 onera
349 1888 491 1952 libenter
524 1888 643 1968 subire,
675 1881 856 1970 capitulum
888 1907 945 1951 seu
978 1889 1148 1951 canonicos
1173 1893 1343 1970 protegere
1368 1893 1402 1951 et

219 2000 258 2045 ea
281 1979 390 2043 omnia
412 1978 528 2058 facere,
561 1977 602 2041 ad
636 1998 698 2060 que
731 1977 827 2059 juxta
860 1977 953 2059 regni
984 1977 1154 2060 privilegia
1178 1983 1210 2042 et
1234 1984 1401 2042 consuetu-

222 2069 313 2134 dines
335 2089 393 2151 per
416 2069 500 2133 vices
524 2089 610 2132 meas
635 2074 746 2131 teneor
771 2074 803 2131 et
827 2069 970 2132 tenebor.
994 2066 1077 2134 Volo
1105 2067 1204 2133 etiarn
1228 2087 1401 2150 agnoscere

221 2166 253 2223 et
278 2178 505 2242 recognoscere
528 2155 784 2241 Strigoniensem
808 2156 1087 2240 arehiepiscopum
1109 2178 1217 2221 meum
1240 2163 1400 2239 metropo-

218 2249 358 2314 litanum
391 2250 425 2314 in
458 2249 608 2313 omnibus
640 2247 713 2327 illis,
746 2247 779 2310 in
813 2247 932 2330 quibus
964 2248 1203 2330 predecessores
1236 2248 1298 2312 mei
1327 2269 1400 2311 eum

219 2345 424 2421 agnoverunt
447 2345 480 2402 et
504 2343 771 2420 recognoverunt,
804 2359 842 2402 ac
865 2338 899 2400 in
922 2337 1121 2402 sustinendis
1144 2337 1296 2402 oneribus
1320 2337 1401 2406 dicti

218 2430 321 2512 regni,
353 2429 503 2494 omnibus
535 2427 712 2510 privilegiis
746 2432 779 2490 et
811 2427 1076 2492 immunitatibus
1109 2427 1326 2492 cardinalium
1350 2449 1400 2490 re-

217 2519 382 2600 nunciare,
405 2525 505 2602 prout
528 2519 629 2582 etiam
653 2536 780 2581 exnunc
804 2519 965 2582 renuntio.
989 2516 1153 2582 Promitto
1181 2519 1289 2598 etiam,
1313 2518 1400 2600 quod

218 2631 282 2674 non
307 2609 509 2674 committam
533 2607 804 2690 gubernationem
827 2607 928 2673 ullam
942 2608 1163 2694 temporalem
1194 2609 1257 2672 nisi
1288 2608 1399 2673 subdi-

218 2701 261 2764 tis
294 2700 380 2764 dicte
412 2719 503 2764 sacre
536 2717 664 2762 cesaree
696 2697 885 2778 maiestatis,
910 2697 1063 2781 quodque
1086 2698 1400 2781 quandocumquea

217 2811 311 2856 sacra
334 2811 463 2854 cesarea
486 2789 657 2852 maiestate
681 2787 858 2870 requisitus
883 2788 984 2868 fuero,
1023 2793 1061 2851 ut
1085 2789 1305 2872 episcopatum
1328 2810 1400 2872 pre-

217 2880 324 2944 fatum
357 2879 548 2962 relinquam,
581 2879 673 2943 illum
707 2878 861 2942 canonice
893 2884 994 2961 atque
1025 2883 1064 2942 ut
1096 2900 1164 2943 mos
1188 2885 1245 2959 est,
1276 2879 1401 2960 absque

218 2971 286 3034 ulla
319 2991 409 3034 mora
433 2990 471 3033 ac
505 2969 643 3034 sublatis
676 2967 827 3032 omnibus
855 2967 1121 3034 excusationibus
1155 2990 1211 3034 seu
1243 2969 1400 3050 tergiver-

217 3061 399 3124 sationibus
416 3060 605 3142 resignab0;
631 3079 689 3122 nec
713 3078 778 3122 non
800 3057 870 3121 loco
895 3059 1042 3142 episcopo
1056 3057 1243 3124 Javariensi
1267 3060 1301 3124 in
1325 3079 1400 3123 con-

217 3151 289 3214 silio
312 3155 436 3214 secreto
459 3151 551 3231 regni
574 3148 696 3232 prefati
719 3147 791 3211 dari
816 3146 910 3212 solito
933 3149 1099 3228 renuncio,
1132 3150 1257 3232 absque
1289 3156 1400 3214 tamen

217 3260 438 3305 successorum
470 3241 504 3303 in
536 3239 624 3304 dicto
648 3239 836 3322 episcopatu
866 3237 1063 3321 preiudici03
1104 3240 1325 3322 promittoque
1367 3246 1399 3303 et

216 3331 290 3413 juro
312 3352 364 3395 me
395 3350 491 3412 super
522 3329 695 3412 premissis,
719 3335 779 3392 aut
811 3349 922 3392 eornm
949 3328 1070 3410 alique,
1101 3329 1161 3394 sub
1193 3349 1297 3411 poena
1327 3350 1399 3412 per-

217 3428 316 3504 petue
348 3420 482 3484 infamie
514 3419 759 3484 absolutionemv
784 3417 872 3484 haud
905 3419 1096 3501 petiturum.
1133 3418 1217 3486 Volo
1249 3420 1348 3483 etiarn
1381 3441 1400 3482 a

217 3510 420 3575 sanctissimo
443 3510 572 3574 domino
595 3515 707 3574 nostro
730 3529 824 3590 papa,
849 3508 1043 3592 quantocius
1066 3515 1188 3592 potero,
1212 3509 1317 3590 breve,
1342 3530 1398 3573 seu

217 3600 383 3665 indultum
414 3601 599 3682 impetrare,
632 3605 671 3664 ut
694 3599 723 3664 si
744 3619 810 3680 quo
833 3597 927 3662 modo
956 3599 1161 3681 contingeret
1186 3601 1293 3663 mein
1317 3600 1399 3663 urbe

217 3696 276 3755 aut
298 3690 379 3756 alibi
402 3696 496 3753 extra
519 3709 656 3772 regnum
680 3687 765 3752 diem
789 3687 942 3752 ultimum
966 3687 1127 3769 claudere,
1160 3689 1290 3753 collatio
1314 3689 1399 3753 eius·

217 3780 291 3844 dem
324 3781 526 3862 episcopatus
562 3779 604 3843 ad
638 3778 879 3843 serenissimum
912 3798 1063 3858 cesarem,
1100 3784 1257 3861 tanquam
1290 3799 1399 3862 regem

216 3869 391 3952 Hungarie
413 3870 586 3952 pertineat,
609 3889 674 3932 non
698 3867 906 3934 obstantibus
931 3867 1188 3952 quibuscunque.

324 4025 414 4078 Korn
424 4039 434 4079 .·
453 4025 586 4078 Formula
605 4023 785 4095 obligationis
804 4041 888 4090 quam
907 4041 935 4078 se
953 4024 1058 4078 obtulit
1078 4025 1210 4080 daturum
1228 4025 1398 4079 reverendis-

216 4097 302 4151 simus
322 4097 471 4151 cardinalis
491 4098 615 4150 Delfinus
632 4097 742 4151 ratione
761 4095 1012 4150 administrationis
1040 4095 1215 4166 episcopatus
1237 4097 1398 4151 Jauriensis.

324 4241 466 4311 (Egykord
485 4241 541 4294 irat
559 4259 576 4294 a
594 4241 669 4294 becci
689 4242 784 4294 allami
803 4241 996 4303 leveltctrban.)
