3458 5492
719 476 722 480 ·
805 457 992 508 omavnmm
1025 475 1029 483 ·

838 781 965 848 OXIV.

729 949 822 1008 1610.
847 951 1023 1026 augusztus
1048 949 1076 1007 2.

310 1106 460 1189 Forpdcb
492 1105 677 1188 eaeterpomr'
709 1105 986 1170 biberoob-e'rseb
1018 1106 1111 1170 leoele
1144 1126 1165 1168 a
1194 1101 1348 1184 pciprtboa
1381 1121 1439 1182 epp
1473 1120 1493 1163 a

417 1195 542 1277 uram
566 1196 770 1278 teqyorosop
794 1197 847 1260 old
874 1200 998 1260 tcrtoao'
1020 1197 1208 1277 prepostsdp
1233 1190 1386 1276 ttppdbeo.

417 1355 626 1421 Sanctissime
650 1365 683 1420 et
707 1357 892 1421 beatissime
915 1364 1018 1440 pater,
1050 1355 1180 1420 domine
1205 1355 1331 1419 domine
1356 1353 1493 1416 clemen-

311 1448 442 1510 tissime.

416 1535 495 1599 Post
518 1535 701 1599 humillima
725 1536 844 1617 pedum
867 1536 1053 1600 sanctitatis
1069 1543 1195 1600 vestrae
1216 1535 1333 1598 oscula.
1360 1533 1411 1594 Ea
1428 1553 1492 1613 qua

309 1647 369 1708 par
386 1633 435 1690 est
451 1625 658 1689 veneratione
674 1626 783 1706 accepi
803 1626 900 1690 breve
916 1627 1128 1708 apostolicum
1154 1623 1341 1689 sanctitatis
1357 1627 1493 1698 vestrae,

309 1716 342 1778 in
368 1736 432 1797 quo
457 1715 496 1778 de
520 1715 747 1797 praepositura
780 1716 1037 1779 reverendissimi
1063 1715 1185 1779 domini
1210 1714 1327 1777 Fausti
1352 1712 1492 1794 episcopi

243 1884 246 1892 Ι
309 1803 544 1869 Obanadiensis
560 1804 602 1868 ad
619 1825 669 1867 me
685 1805 866 1887 perscribit.
895 1802 980 1886 Quia
996 1828 1070 1869 vero
1087 1805 1217 1869 collatio
1237 1804 1305 1866 eius
1329 1801 1492 1883 praeposi-

309 1901 404 1958 turae
419 1916 483 1958 non
500 1893 543 1957 ad
559 1914 618 1973 me,
638 1915 749 1958 verum
766 1894 806 1958 ad
825 1915 917 1975 reges
934 1894 1101 1976 Ungariae
1120 1899 1254 1977 spectat,
1273 1899 1373 1974 atque
1392 1891 1491 1954 etiam

309 1984 462 2047 moderno
486 1983 659 2065 possessori
681 1985 772 2066 regia
796 1984 949 2048 maiestas
973 1986 1071 2049 titulo
1094 1985 1176 2066 juris
1199 1988 1393 2066 patronatus
1417 2001 1491 2043 con-

309 2073 396 2153 tulit,
430 2073 551 2137 idcirco
583 2073 713 2155 privata
736 2094 808 2136 mea
831 2074 1033 2138 authoritate
1062 2075 1240 2138 deturbare
1265 2073 1371 2154 ipsum
1395 2071 1492 2135 bene-

309 2162 374 2226 ficii
398 2164 595 2244 possessione
620 2184 684 2226 non
708 2163 809 2245 potui.
844 2164 931 2226 Eum
954 2165 1060 2247 ipsum
1086 2170 1194 2228 tamen
1223 2161 1384 2239 advocavi,
1418 2181 1490 2224 san-

309 2253 435 2317 ctitatis
460 2259 585 2316 vestrae
611 2253 786 2336 benignam
805 2253 1007 2318 voluntatem
1027 2254 1206 2333 declaravi3
1230 2273 1343 2315 verum
1366 2251 1393 2314 is
1416 2270 1491 2313 suas

308 2342 395 2425 apud
419 2344 628 2406 sanctitatem
646 2348 786 2406 vestram
810 2349 920 2425 partes
944 2364 977 2406 se
1000 2350 1162 2423 acturum,
1186 2363 1225 2406 ac
1248 2363 1323 2406 suas
1346 2339 1489 2404 rationes

309 2431 421 2496 debita
445 2453 518 2494 cum
542 2431 743 2495 subiectione
766 2439 1090 2514 repraesentaturum
1113 2432 1288 2515 respondit.
1326 2429 1395 2494 Ubi
1418 2450 1491 2492 san-

308 2522 407 2584 ctitas
440 2528 548 2585 vestra
580 2521 726 2584 moderni
759 2522 946 2603 possessoris
980 2543 1111 2586 causam
1135 2545 1175 2586 ex
1198 2522 1335 2604 ipsomet
1364 2518 1490 2582 intelle-

308 2611 402 2685 xerit,
442 2611 505 2674 erit
538 2611 572 2674 in
605 2611 744 2675 arbitrio
777 2612 963 2676 sanctitatis
996 2620 1130 2691 vestrae,
1169 2633 1212 2676 an
1245 2611 1317 2692 jure
1351 2607 1490 2672 revideri

308 2721 416 2764 coram
441 2721 491 2763 me
515 2719 645 2763 causam
669 2701 755 2779 velit,
785 2721 827 2764 an
851 2702 958 2782 potius
983 2703 1115 2783 cognita
1138 2701 1218 2764 satis
1242 2720 1358 2764 causae
1380 2698 1490 2781 aequi·

307 2879 430 2943 siturae
453 2879 694 2944 abdicationem
719 2901 791 2943 eum
816 2881 1013 2963 compellam,
1037 2882 1094 2963 qui
1118 2881 1211 2945 modo
1235 2881 1320 2945 bona
1344 2885 1488 2960 occupat.

307 2967 394 3032 Nam
420 2976 456 3032 ut
481 2990 553 3032 mea
576 2970 644 3032 sola
668 2970 871 3033 authoritate
903 2971 1027 3051 regiam
1053 2966 1289 3053 (cujuscunque
1321 2968 1408 3032 modi
1432 2967 1490 3030 illa

307 3053 364 3140 sit)
389 3059 596 3122 donationem
621 3059 808 3142 infringam,
831 3059 903 3123 fieri
930 3060 999 3124 sine
1032 3061 1237 3142 gravioribus
1269 3057 1488 3133 incommodis

307 3148 480 3230 regiaeque
505 3149 684 3213 maiestatis
708 3147 837 3229 offensa,
871 3172 935 3213 non
958 3171 1058 3232 posse,
1091 3151 1171 3215 satis
1195 3149 1362 3232 perspicio
1396 3146 1489 3210 Haec

308 3237 417 3314 habui,
450 3257 534 3319 quae
566 3239 735 3302 sanctitati
766 3245 891 3302 vestrae
923 3239 1103 3304 humillime
1136 3259 1359 3322 suggererem3
1393 3237 1488 3300 cuia

308 3325 377 3391 Dec
401 3326 600 3391 felicitatem
615 3349 742 3392 omnem
765 3328 958 3393 ardentibus
978 3330 1060 3393 votis
1085 3337 1208 3412 expeto.
1233 3328 1285 3393 Ac
1309 3325 1489 3391 humillime

308 3416 403 3498 pedes
426 3417 612 3480 sanctitatis
631 3423 759 3482 vestrae
777 3438 920 3482 veneror.
945 3417 1071 3482 Datum
1095 3417 1280 3502 Tyrnaviae
1297 3423 1315 3481 2
1333 3417 1385 3482 die
1401 3436 1488 3480 men-

307 3506 348 3570 sis
372 3504 528 3588 Augusti,
552 3529 636 3570 anno
662 3506 784 3570 domini
811 3512 905 3571 1610.

414 3594 609 3660 Sanctitatis
633 3603 760 3660 vestrae

543 3687 545 3696 ’
1073 3687 1252 3750 humillime
1277 3691 1429 3750 ereatura

1025 3775 1209 3841 Cardinalis
1233 3774 1474 3858 Strigoniensis.

413 3934 448 3993 (A
468 3930 596 3984 vatiktni
616 3934 798 3986 leveltarban.
818 3937 902 3986 Nunt.
924 3937 1015 3987 Germ.
1035 3939 1089 3987 vol.
1114 3943 1172 3987 114.
1192 3938 1236 3997 D.)
