3454 5492
461 473 480 511 n
503 473 624 511 uacuas
648 472 706 510 run.
731 473 862 512 sacrum
885 473 938 512 roc
962 461 1192 514 ronrtnsrtrncz.
1379 455 1419 514 63

237 649 288 710 ria
311 646 548 730 perlustrantes
581 646 803 726 substituant3
834 645 899 708 alia
931 645 1041 731 omnia
1074 645 1183 726 eciam,
1210 667 1272 729 que
1297 646 1420 710 ordinis

236 737 338 818 ipsius
356 735 489 818 negocia
505 737 686 800 necessaria
711 744 817 814 erunt,
842 736 1035 818 provideant
1051 741 1084 799 et
1101 735 1290 799 deliberent.
1315 735 1420 800 Aliud

236 847 313 909 ergo
338 827 398 890 sub
423 825 627 888 ammissione
651 831 683 888 et
707 825 893 908 privacione
925 824 1110 890 huiusmodi
1144 847 1275 890 suorum
1302 825 1420 890 benefi-

236 917 371 996 ciorum,
405 937 461 979 seu
494 914 708 978 abbaciarum
740 915 850 979 nullus
883 915 1013 978 omnino
1041 920 1185 978 vestrum
1217 914 1324 978 iacere
1348 937 1417 998 pre·

236 1012 409 1089 sumpmat.
420 1005 508 1069 Nam
524 1005 669 1086 alioquin
686 1011 789 1068 estote
805 1005 896 1083 certi,
914 1004 1000 1084 quod
1017 1025 1074 1068 nos
1088 1005 1175 1068 omni
1188 1004 1304 1068 talium
1319 1005 1420 1069 abba-

237 1097 304 1159 cias
328 1097 435 1178 elapso
459 1094 528 1177 ipso
551 1115 636 1158 anno
661 1093 801 1158 aufferre
825 1102 858 1158 et
882 1087 952 1171 hiis,
972 1095 1029 1175 qui
1046 1115 1078 1158 se
1095 1101 1127 1158 et
1145 1094 1311 1158 ecclesiam
1329 1117 1420 1158 suam

238 1186 388 1268 religiose
412 1184 556 1248 tenuerit
580 1190 614 1248 et
638 1191 749 1248 tenere
781 1184 896 1248 fecerit
929 1183 1122 1248 donabimus
1146 1191 1178 1248 et
1202 1184 1419 1262 conferemus,

236 1275 443 1358 presentibus
458 1274 610 1356 perlectis
629 1274 796 1338 exhibenti
814 1273 987 1338 restitutis
1011 1273 1136 1337 Datum
1160 1273 1262 1352 Bude,
1287 1273 1421 1338 infesto

238 1366 326 1428 beati
350 1363 527 1428 Adalberti
562 1363 702 1445 episcopi
726 1371 759 1427 et
792 1362 945 1443 martiris
978 1384 1063 1428 anno
1096 1363 1218 1427 domini
1252 1363 1420 1428 millesimo

237 1454 506 1537 quingentesimo

346 1601 458 1676 (dtirva
470 1629 487 1664 a
500 1611 607 1664 csornai
626 1613 749 1665 konvent
771 1620 847 1666 1507.
866 1614 968 1676 januar
987 1611 1074 1664 25-iki
1087 1610 1276 1664 okleveleben.
1294 1615 1319 1664 A
1333 1615 1420 1664 szent-

238 1685 358 1738 martoni
378 1685 525 1751 fdepattsag
544 1683 737 1738 leveltaraban
757 1693 799 1737 29.
819 1701 910 1751 capsa,
932 1687 977 1747 A.)

754 1956 904 2023 nuru.

693 2123 787 2182 isco.
813 2119 912 2201 jusus
938 2125 966 2182 s.

237 2283 287 2347 H.
311 2282 442 2346 Uldselo'
464 2280 717 2360 sollicitationem
741 2281 918 2344 Lossoncer'
943 2281 1119 2363 Zsipnrond
1135 2279 1234 2343 dodoi
1248 2281 1420 2360 pre'postot,

237 2373 320 2455 bopp
344 2391 365 2434 o
384 2371 663 2453 prepostscipdboo
696 2371 762 2434 leod
794 2371 931 2454 applicat
964 2371 1190 2452 meltdsdpolcot
1213 2373 1245 2432 e's
1267 2367 1420 2450 jovodol-

409 2461 520 2526 orabat
543 2461 684 2525 adema
708 2463 916 2544 eppenetnelr
939 2460 1248 2542 odomdnpoabosso.

344 2622 413 2686 Nos
438 2622 641 2686 Wladislaus
674 2621 737 2686 Dei
770 2623 877 2704 gratia
911 2645 969 2687 rex
1002 2623 1176 2707 Hungarie
1208 2629 1241 2686 et
1265 2621 1420 2686 Bohemie

238 2719 297 2776 etc.
331 2712 490 2775 Memorie
516 2713 784 2776 commendamus
818 2721 930 2776 tenore
963 2715 1163 2796 presentium
1191 2711 1420 2794 significantes),

237 2802 357 2884 quibus
390 2801 521 2883 expedit
554 2801 721 2882 universis,
754 2803 841 2884 quod
874 2803 951 2884 quia
984 2805 1134 2867 convenit
1166 2803 1358 2884 plerumque
1386 2801 1420 2862 in

238 2891 445 2974 disponendis
469 2898 502 2954 et
525 2890 729 2955 conferendis
752 2891 916 2956 beneficiis
941 2894 1149 2958 ecclesiarum
1163 2893 1264 2974 regni,
1280 2912 1421 2973 quarum

237 2981 367 3044 collatio
400 2981 443 3044 ad
476 3002 534 3045 nos
566 2981 719 3063 pertinet,
748 2981 832 3044 vices
856 2990 984 3046 nostras
1008 2983 1071 3047 illis
1096 2983 1308 3059 committere,
1341 3001 1420 3062 quos

237 3070 335 3135 sicuti
367 3069 513 3152 probitas
545 3071 683 3150 evidens,
717 3071 762 3135 sic
796 3079 829 3134 et
863 3073 1039 3138 maturitas
1079 3073 1179 3136 animi
1212 3075 1245 3134 et
1279 3071 1420 3134 discreta

237 3159 449 3225 scientiarum
482 3161 644 3242 elegantia
677 3161 833 3225 divinitus
861 3160 1062 3243 predecorat,
1086 3169 1124 3227 ut
1148 3182 1258 3225 eorum
1282 3161 1420 3224 circum-

238 3250 402 3332 spectione
440 3250 576 3332 provida
614 3251 725 3331 quevis
762 3251 930 3334 dispositio
963 3253 1139 3316 eorundem
1172 3249 1420 3315 commendabili

238 3340 332 3403 modo
356 3340 536 3420 observata,
570 3340 680 3403 electis
711 3341 835 3405 idoneis
866 3342 1011 3423 personis
1044 3342 1086 3405 ad
1118 3342 1271 3405 honorem
1301 3339 1363 3403 Dei
1388 3346 1420 3401 et

237 3437 386 3493 nostrum
410 3429 650 3511 beneplacitum
675 3431 921 3512 profectumque
946 3431 1077 3495 ecclesie
1094 3439 1127 3496 et
1142 3429 1218 3494 fidei
1242 3430 1418 3493 ordinetur.

238 3519 389 3598 Proinde,
423 3519 501 3599 quia
534 3540 591 3582 nos
623 3519 751 3583 inducti
784 3521 909 3584 meritis
929 3527 962 3584 et
985 3521 1164 3585 virtutibus
1197 3542 1235 3584 ac
1266 3518 1420 3583 litteralis

237 3609 374 3672 sciencie
398 3608 577 3672 sufficienci
600 3610 729 3690 peritia,
752 3610 857 3674 fidelis
882 3612 985 3674 nostri
999 3612 1192 3675 venerabilis
1219 3608 1419 3692 Sigismundi

238 3699 278 3761 de
302 3698 470 3772 Lossoncz,
503 3699 659 3780 prepositi
692 3700 824 3764 ecclesie
848 3701 1017 3780 Budensis,
1043 3701 1162 3784 quibus
1186 3700 1323 3764 eundem
1348 3718 1420 3780 pre-

238 3787 345 3852 ditum
368 3808 435 3850 esse
459 3790 657 3870 agnovimus,
682 3795 753 3852 tum
777 3812 816 3853 ex
840 3810 884 3868 eo,
909 3798 980 3854 tum
1004 3811 1079 3854 vero
1103 3797 1141 3854 ut
1164 3791 1232 3872 ipse
1256 3789 1420 3852 salubrius

238 3885 271 3939 et
295 3877 409 3940 melius
432 3879 601 3959 prelature
625 3877 767 3942 officium
792 3881 825 3942 in
849 3880 919 3962 ipsa
943 3880 1077 3943 ecclesia
1100 3879 1247 3945 Budensi
1270 3898 1419 3941 exercere

238 3967 347 4048 possit,
374 3966 456 4029 hanc
480 3967 648 4032 facultatis
672 3976 867 4050 potestatem
884 3970 1036 4035 duximus
1052 3971 1156 4034 eidem
1173 3968 1419 4044 concedendam,

238 4057 336 4118 immo
360 4056 572 4120 concedimus
606 4065 644 4121 ut
675 4059 802 4122 tamdiu
831 4060 932 4122 donec
955 4061 1022 4142 ipse
1047 4060 1133 4123 dicte
1156 4060 1287 4124 ecclesie
1311 4057 1419 4138 fungi·
1500 4077 1502 4082 ·

238 4151 294 4208 tur
318 4147 486 4227 prelatura
506 4153 538 4210 et
557 4149 770 4229 prepositura,
795 4150 962 4213 universas
985 4151 1163 4231 dignitates
1187 4147 1419 4212 ecclesiasticas

237 4235 421 4316 personales
445 4243 477 4299 et
502 4235 665 4314 beneficia,
683 4237 833 4302 videlicet
856 4239 1059 4319 lectoratum,
1079 4247 1295 4310 cantoratum,
1314 4244 1419 4302 custo-

239 4324 325 4386 diam
359 4345 396 4387 ac
429 4325 595 4389 universos
632 4329 842 4392 canonicatus
875 4335 907 4391 et
943 4331 1133 4411 prebendas,
1172 4336 1418 4409 rectoratusque

239 4414 395 4476 altarium
428 4415 462 4477 in
495 4415 583 4478 dicta
616 4417 750 4480 ecclesia
783 4415 928 4482 Budensi
952 4427 985 4481 et
1009 4419 1069 4482 sub
1094 4421 1163 4502 ejus
1195 4419 1419 4502 jurisdictione

239 4503 435 4584 ubicumque
459 4505 598 4584 habitas,
623 4507 772 4588 deinceps
797 4509 1084 4591 quomodocunque
1108 4520 1141 4572 et
1164 4531 1220 4592 per
1245 4529 1419 4591 quemcun-

239 4613 302 4674 que
326 4595 458 4656 modum
482 4603 662 4676 vacaturas
687 4600 831 4678 personis
855 4599 978 4662 idoneis
1003 4607 1036 4662 et
1060 4601 1275 4680 benemeritis
1300 4602 1419 4682 quibus
