3436 5500
314 477 356 536 14
810 481 996 533 oxurv'snra‘r

312 677 346 732 et
378 668 593 752 provisionem
625 666 811 731 huiusmodi
843 689 883 730 ex
915 668 1013 732 certis
1046 667 1151 732 causis
1184 668 1308 733 viribus
1332 689 1395 732 non
1421 670 1495 732 sub-

312 759 444 840 sistere,
483 758 555 822 ideo
594 755 756 839 supplicat
792 756 963 821 sanctitati
996 762 1102 822 vestre
1135 756 1288 822 Andreas
1320 759 1496 840 predictus,

313 855 475 930 quatenus
508 847 713 910 collationem
737 851 770 909 et
793 846 1007 928 provisionem
1041 847 1204 930 predictas
1229 853 1261 911 et
1285 849 1392 911 omnia
1421 849 1496 912 inde

314 945 425 1003 secuta
463 943 537 1001 rata
570 943 603 1000 et
628 941 739 1018 ¹grata
778 935 926 1000 habendo
966 958 1003 1000 ac
1042 937 1104 1002 sibi
1143 937 1315 1019 specialem
1355 939 1496 1020 gratiam

314 1026 461 1091 faciendo
495 1026 534 1089 de
567 1026 655 1090 dicta
688 1024 902 1105 thesauraria,
937 1027 1028 1091 cuius
1060 1029 1189 1090 fructus
1221 1034 1280 1091 etc.
1305 1027 1496 1110 octuaginta

313 1116 509 1180 florenorum
541 1116 614 1179 anri
647 1114 824 1179 secundum
857 1136 1058 1180 communem
1085 1117 1332 1181 extimationem
1354 1117 1496 1181 valorem

313 1229 459 1271 annuum
482 1227 547 1270 non
572 1205 741 1284 excedunt,
774 1204 840 1268 sive
863 1205 1027 1288 premisso,
1061 1207 1127 1269 sive
1151 1205 1231 1271 alias
1257 1207 1369 1289 quovis
1393 1207 1496 1286 modo,

313 1304 371 1360 aut
395 1318 435 1359 ex
459 1295 594 1360 alterius
627 1295 849 1376 cuiuscunque
882 1316 1027 1376 persona,
1061 1318 1116 1360 seu
1147 1316 1204 1377 per
1229 1297 1496 1360 constitutionem

315 1385 518 1450 Execrabilis
543 1391 643 1465 vacet,
676 1385 775 1448 etiam
808 1385 835 1447 si
868 1385 1012 1464 electiva,
1042 1385 1194 1449 devoluta
1218 1391 1277 1448 aut
1301 1393 1416 1450 curata
1440 1407 1495 1450 seu

313 1476 511 1558 generaliter
535 1475 583 1539 vel
608 1475 792 1557 specialiter
815 1481 981 1538 reservata
1006 1496 1063 1539 seu
1086 1475 1230 1556 litigiosa
1253 1477 1363 1554 luerit,
1393 1477 1496 1540 eidem

314 1565 449 1629 Andree
473 1565 652 1647 dignemini
676 1563 931 1628 misericorditer
956 1565 996 1628 de
1019 1586 1100 1628 novo
1124 1565 1309 1647 providere;
1344 1587 1406 1628 non
1441 1566 1496 1627 ob-

313 1662 422 1719 stante
462 1655 547 1738 quod
580 1656 613 1717 in
648 1655 760 1718 eadem
793 1652 983 1718 Chasmensi
1017 1661 1049 1718 et
1081 1654 1317 1736 Vesprimiensi
1356 1657 1497 1719 ecclesiis

312 1745 524 1808 canonicatus
549 1750 581 1807 et
604 1743 794 1825 prebendae,
820 1765 958 1825 quorum
982 1745 1127 1808 omnium
1151 1744 1278 1808 fructus
1302 1751 1361 1808 ete.
1386 1753 1496 1810 octua-

314 1834 406 1916 ginta
438 1839 580 1916 quatuor
613 1831 807 1897 florenorum
841 1832 914 1896 auri
948 1834 1124 1898 secundum
1157 1834 1402 1899 extimationem
1425 1856 1496 1917 pre-

312 1923 434 1988 dictam
459 1923 598 1987 valorem
623 1943 770 1986 annuum
793 1943 857 1985 uon
883 1924 1043 1988 excedunt
1077 1923 1233 1988 obtineat.
1267 1923 1350 1988 Cum
1382 1925 1497 1989 ceteris

314 2034 377 2076 non
402 2012 610 2078 obstantibus
633 2020 665 2076 et
690 2012 843 2076 clausulis
867 2013 1043 2096 oportunis.
1080 2034 1084 2040 ·

422 2101 617 2167 Concessum
642 2109 679 2166 ut
702 2102 836 2184 petitur.
861 2102 987 2166 Datum
1010 2104 1114 2168 Rome
1138 2103 1225 2185 apud
1254 2101 1411 2167 Sanctum
1436 2103 1496 2166 Pe-

312 2199 401 2255 trum
426 2193 562 2274 septimo
585 2192 742 2256 kalendas
767 2192 885 2256 Martii
908 2215 992 2256 anno
1020 2200 1146 2274 quartu.

421 2353 456 2411 (A
476 2349 602 2402 vatikani
621 2348 803 2402 leveltarban.
823 2351 943 2416 Regesta
964 2350 1207 2418 supplicationum
1221 2349 1336 2402 Martini
1349 2355 1380 2403 V.
1401 2354 1497 2402 Annus

313 2427 360 2474 IV.
380 2422 488 2473 Volum.
508 2426 553 2486 IL,
574 2419 621 2473 fol.
642 2425 694 2482 81.)

850 2673 952 2740 VIII.
979 2681 982 2688 '

770 2842 863 2902 1424.
888 2841 993 2921 majus
1020 2845 1048 2904 5.

320 2994 352 3056 Γ.
370 2995 506 3058 Mariua
533 2999 692 3078 pripdnclc
710 2999 882 3082 Bosporrpi
899 3001 996 3065 Peter
1020 3000 1198 3081 ocsepre'mr'
1219 3002 1349 3082 pr'lspo'l·
1374 3004 1496 3064 rc'sae‘re

263 3095 265 3100 ’
648 3089 802 3154 bidllitott
826 3090 1008 3154 dissuescat
1031 3091 1163 3172 bulleiju.

422 3247 589 3312 Martinus
624 3257 683 3314 etc.
717 3250 846 3314 Dilecto
879 3251 945 3315 filio
978 3252 1078 3316 Petro
1112 3253 1258 3318 Ladislai
1284 3254 1323 3316 de
1348 3253 1496 3333 Rosegon

312 3335 415 3399 electo
439 3335 674 3420 Vesprimiensi
703 3341 840 3403 salutem
865 3347 924 3403 etc.
958 3341 1175 3423 Apostolatus
1207 3343 1360 3419 officium,
1394 3363 1497 3424 quan

314 3446 413 3506 quam
436 3427 712 3493 insufficientibus
745 3430 879 3509 meritis
913 3430 1005 3494 nobis
1029 3454 1068 3494 ex
1092 3433 1159 3496 alto
1186 3433 1398 3510 commissum,
1434 3453 1496 3512 quo

312 3515 524 3580 ecclesiarum
540 3519 684 3581 omnium
701 3520 852 3601 regimini
876 3521 1084 3603 presidemus
1110 3522 1238 3586 utiliter
1253 3521 1377 3604 exequi,
1403 3521 1496 3584 coad-

313 3604 446 3670 iuvante
474 3607 623 3687 Domino,
656 3609 831 3690 cupientes
865 3610 984 3674 soliciti
1019 3611 1114 3673 corde
1148 3612 1316 3675 reddimur
1342 3617 1374 3673 et
1399 3612 1496 3673 soler-

314 3700 372 3773 teS,
397 3703 433 3758 ut
451 3717 524 3759 cum
541 3698 580 3761 de
597 3699 741 3780 ipsarum
765 3700 978 3782 regiminibus
1003 3701 1114 3782 agitur
1139 3701 1388 3779 committendis,
1416 3701 1499 3764 tales

312 3782 359 3846 eis
384 3787 417 3846 in
442 3793 587 3867 pastores
620 3787 773 3869 preficere
806 3790 1005 3870 studeamus,
1030 3791 1086 3872 qui
1111 3792 1315 3856 commissum
1340 3791 1402 3855 sibi
1426 3812 1497 3872 gre-

314 3894 386 3954 gem
420 3875 618 3939 dominicum
649 3878 754 3941 sciant
788 3902 851 3944 non
885 3879 988 3943 solum
1022 3880 1170 3943 doctrina
1202 3882 1291 3946 verbi
1316 3881 1370 3944 sed
1398 3881 1496 3943 etiam

311 3965 459 4046 exemplo
483 3967 559 4029 boni
583 3969 688 4050 operis
712 3968 897 4049 informare,
930 3971 1179 4051 commissasque
1204 3973 1266 4036 sibi
1290 3970 1438 4035 ecclesias
1463 3970 1496 4032 in

314 4058 403 4115 statu
437 4056 569 4137 pacifico
603 4066 633 4121 et
668 4060 847 4140 tranquillo
881 4060 980 4122 velint
1005 4065 1037 4122 et
1062 4060 1200 4140 valeant,
1234 4061 1315 4124 duce
1348 4060 1496 4138 Domino,

312 4143 492 4209 salubriter
517 4167 628 4228 regere
645 4154 678 4210 et
694 4148 834 4212 feliciter
858 4149 1049 4231 gubernare.
1074 4149 1209 4213 Dudum
1233 4151 1403 4232 siquidem,
1423 4173 1496 4212 cum

314 4233 396 4296 bone
419 4237 571 4299 memorie
604 4235 765 4320 Georgius
797 4239 963 4320 episcopus
987 4239 1246 4320 Vesprimiensls,
1280 4247 1358 4302 tunc
1383 4239 1416 4302 in
1437 4240 1496 4302 hu-

314 4323 417 4385 manis
441 4345 548 4406 agens,
573 4331 605 4388 et
629 4347 692 4390 non
717 4333 830 4409 potens
854 4329 975 4410 absque
1001 4329 1142 4393 evidenti
1170 4351 1305 4412 persone
1329 4336 1361 4392 et
1387 4351 1496 4393 rerum

311 4433 447 4477 suarum
480 4417 623 4496 periculo
657 4418 690 4480 in
724 4418 874 4500 partibus
907 4418 971 4482 illis
1004 4420 1204 4499 commorari,
1238 4441 1271 4482 se
1295 4419 1336 4482 ab
1363 4420 1495 4483 ecclesia

314 4500 547 4584 Vesprimiensi
571 4527 629 4586 per
652 4508 866 4588 plurimorum
890 4514 969 4571 tunc
993 4509 1227 4591 preteritorum
1247 4531 1408 4572 annorum
1424 4532 1496 4591 spa-

315 4592 398 4657 tium
431 4595 642 4675 absentasset,
676 4598 810 4678 ipsaque
844 4597 975 4661 ecclesia
1011 4604 1143 4679 propter
1167 4599 1358 4661 diuturnam
1384 4600 1497 4662 abson-
