3472 5494
798 415 986 468 catartaria

834 631 861 720 b·
888 639 932 698 5⁰¹

405 778 505 842 Ratio
536 779 642 860 prima
666 783 698 842 et
721 777 979 841 fundamentalis
1007 777 1189 842 sententiae
1218 779 1402 842 contrariae
1426 787 1483 858 est,

299 867 385 949 quod
419 866 665 950 Transylvania,
698 873 849 950 separata
881 868 947 930 iam
985 867 1028 930 sit
1062 867 1211 931 totaliter
1245 867 1286 931 ab
1326 865 1484 949 Ungaria,

299 961 336 1019 20
357 957 444 1040 quod
464 977 578 1038 regum
602 956 770 1038 Ungariae
795 957 937 1038 quadam
961 957 1101 1020 cessione
1124 978 1181 1020 seu
1205 957 1426 1020 transactione
1450 958 1483 1022 id

297 1052 408 1110 actum
440 1048 492 1126 sit,
524 1068 587 1110 non
622 1047 762 1110 Turcica
793 1046 936 1110 violenta
969 1047 1143 1128 ereptione,
1167 1046 1305 1129 ideoque
1328 1069 1385 1111 rex
1408 1068 1483 1129 apo-

297 1135 430 1200 stolicus
463 1156 527 1200 non
559 1136 660 1200 habet
693 1135 832 1218 amplius
863 1135 1122 1216 jurisdictionem
1146 1137 1179 1198 in
1206 1135 1483 1217 Transylvaniam,

297 1245 355 1289 nec
379 1227 413 1288 in
430 1225 579 1307 politicis,
603 1247 662 1289 nec
677 1226 711 1288 in
728 1224 963 1307 spiritualibus.
987 1224 1132 1306 adeoque
1156 1226 1359 1308 episcopatus
1385 1227 1483 1290 etiarn

297 1316 369 1378 iure
392 1335 457 1378 non
482 1323 565 1379 esset
588 1315 676 1378 illius
705 1315 895 1392 collationis,
921 1314 976 1378 sed
1001 1313 1042 1376 ad
1067 1314 1174 1378 sedem
1199 1315 1409 1396 apostolicam
1433 1337 1484 1378 re-

298 1404 419 1484 diisset,
452 1404 512 1469 hoc
545 1410 775 1486 argumentum
807 1409 899 1486 patet
932 1424 972 1466 ex
1004 1403 1056 1466 dd.
1090 1401 1116 1486 §.
1149 1403 1234 1467 P0a
1268 1410 1378 1470 11011.
1404 1410 1482 1468 n08

299 1493 403 1556 fusius
427 1500 655 1576 proponuntur
678 1495 908 1577 responsiones
1517 1499 1521 1506 '

405 1587 456 1646 43.
481 1582 629 1648 Secundo
652 1584 845 1664 respondeo:
870 1603 960 1663 reges
984 1582 1151 1664 apostolici
1168 1589 1361 1664 receperunt
1379 1583 1483 1647 Tran-

297 1674 475 1756 sylvaniam
495 1667 527 1736 et
546 1671 714 1753 Ungariae
739 1673 947 1736 subiecerunt
970 1672 1075 1753 prima
1096 1668 1164 1734 vioe
1188 1672 1247 1736 sub
1272 1673 1483 1738 Ferdinando

297 1762 324 1826 Ι.
348 1783 406 1844 per
430 1763 612 1844 generalem
637 1760 837 1840 Oastaldum,
864 1767 900 1824 20
919 1766 1087 1842 receperat
1112 1760 1305 1843 Rudolphus
1331 1762 1483 1826 tradente

298 1850 507 1934 Sigismundo
539 1852 687 1931 Bathori,
718 1858 751 1915 et
783 1849 933 1915 Statibus
970 1849 1224 1932 Transylvaniae
1263 1853 1331 1934 regi
1371 1851 1483 1932 Unga-

297 1943 366 2005 riae
389 1941 611 2024 juramentum
629 1940 800 2005 fidelitatis
815 1940 1070 2024 praestantibus
1088 1945 1125 2002 30
1144 1941 1272 2004 Iterum
1289 1941 1483 2023 liudolphus

297 2033 502 2113 recuperavit
524 2053 583 2113 per
606 2028 784 2114 Georgium
802 2031 913 2108 Basta,
937 2031 993 2111 qui
1018 2029 1144 2111 aliquot
1163 2031 1258 2093 annis
1278 2032 1311 2092 in
1329 2030 1483 2112 Transyl-

297 2122 393 2184 vania
427 2122 624 2202 gubernavit
656 2142 715 2203 pro
747 2141 823 2203 rege
855 2119 1040 2201 apostolico.
1073 2117 1218 2184 Observa
1251 2127 1362 2182 autem
1397 2120 1482 2202 quod

298 2211 434 2292 singulis
467 2212 538 2274 istis
571 2210 696 2274 vicibus
732 2209 968 2291 Transylvania
1003 2229 1060 2291 per
1095 2209 1276 2290 potentiam
1310 2209 1484 2274 Turoicam

298 2300 410 2363 avulsa
443 2301 486 2363 sit
519 2301 559 2363 ab
594 2298 751 2382 Ungaria.
778 2298 1014 2381 Transylvania
1048 2299 1134 2361 enim
1167 2299 1234 2361 suis
1266 2297 1389 2362 viribus
1419 2320 1483 2362 non

296 2391 456 2471 potuisset
482 2391 632 2454 resistere
660 2389 883 2452 Romanorum
907 2389 1168 2470 imperatoribus,
1193 2389 1249 2470 qui
1274 2394 1368 2452 erant
1392 2409 1483 2470 reges

298 2479 474 2560 Ungariae.

406 2572 457 2632 44.
483 2567 634 2632 Secunda
657 2569 742 2632 ratio
771 2567 857 2648 quod
874 2567 1014 2649 episcopi
1033 2565 1341 2647 Transylvanienses
1358 2567 1483 2629 nullam

298 2665 448 2722 exercent
471 2657 730 2739 jurisdictionem
754 2657 966 2739 episcopalem
985 2657 1018 2718 in
1037 2654 1282 2737 Transylvania,
1302 2655 1358 2719 sed
1378 2675 1484 2736 neque

297 2754 432 2831 possunt
456 2767 613 2827 exercere,
641 2748 806 2828 quianon
834 2747 1032 2828 permittunt
1061 2743 1285 2827 Transylvani.
1321 2744 1362 2806 In
1387 2766 1483 2825 quem

297 2837 395 2901 finem
418 2858 494 2920 ergo
518 2837 616 2900 detur
632 2859 651 2899 a
667 2843 780 2900 sancta
807 2836 881 2899 sede
905 2834 1109 2898 confirmatio
1135 2842 1167 2898 et
1193 2833 1393 2898 consecratio
1416 2835 1484 2914 epi-

298 2933 458 3010 scopatus
482 2928 509 2990 si
534 2947 598 2989 non
625 2927 668 2989 sit
684 2927 753 2989 eius
769 2923 871 2988 usus?
895 2926 945 2989 R0
967 2929 1002 2987 10
1021 2930 1114 3006 patet
1138 2945 1178 2988 ex
1200 2921 1227 3006 ξ.
1251 2928 1289 2986 40
1309 2930 1483 3002 ostensum,

298 3023 331 3081 et
346 3011 373 3098 ξ.
392 3021 419 3080 3.
438 3016 523 3098 quod
541 3017 646 3080 sciant
670 3037 708 3080 ac
733 3016 857 3097 possint
876 3013 1110 3096 archiepiscopi
1126 3011 1364 3096 strigonienses
1386 3013 1484 3094 juris·

297 3107 473 3170 dictionem
496 3105 709 3188 episcopalem
733 3107 767 3168 in
791 3105 928 3168 dioecesi
947 3103 1232 3185 Transylvaniensi
1249 3113 1407 3181 exercere,
1424 3123 1483 3166 cur

296 3197 400 3280 igitur
424 3195 509 3258 idem
533 3217 597 3258 non
621 3196 745 3276 possint
769 3201 936 3276 praestare
964 3193 1089 3275 proprii
1117 3191 1299 3256 ordinarii?
1334 3195 1370 3254 20
1390 3198 1483 3274 patet

298 3307 337 3348 ex
360 3281 387 3367 ξ.
412 3290 440 3348 4.
465 3285 553 3367 quod
575 3284 719 3348 habeant
743 3283 882 3366 episcopi
906 3283 1038 3346 modum
1063 3282 1234 3346 laborandi
1262 3303 1320 3364 per
1343 3280 1424 3344 alios
1455 3283 1483 3344 si

280 3375 399 3438 'velint
422 3375 456 3438 in
482 3374 726 3455 Transylvania,
751 3375 815 3436 imo
839 3373 937 3436 etiam
961 3373 995 3435 in
1020 3373 1153 3454 propria
1176 3391 1314 3454 persona
1346 3379 1483 3452 possunt
1547 3409 1549 3414 ·

296 3465 403 3528 facere
436 3464 630 3546 episcopalia
662 3463 770 3526 officia
794 3462 965 3526 charitatis
990 3462 1039 3524 vel
1072 3461 1221 3525 absentes
1245 3463 1278 3522 in
1303 3481 1385 3538 suae,
1408 3481 1482 3542 pro·

297 3555 441 3618 curando
460 3555 524 3616 illis
543 3553 735 3631 sacerdotes,
755 3552 957 3631 consolando,
981 3551 1159 3633 dirigendo.
1186 3555 1222 3613 30
1242 3549 1388 3632 exempla
1404 3557 1483 3613 sunt

297 3644 398 3707 allata
431 3658 470 3706 n0
491 3647 535 3706 24
568 3644 790 3725 episcoporum
824 3641 880 3723 qui
912 3662 971 3723 pro
1003 3661 1062 3704 sua
1091 3640 1227 3703 dioecesi
1251 3641 1332 3703 bene
1356 3641 1482 3720 operati

297 3739 374 3796 sunt
407 3754 445 3796 ex
477 3732 583 3797 officio
616 3731 781 3816 pastorali.
812 3735 848 3794 40
878 3730 1018 3812 denique
1050 3744 1089 3792 n0
1119 3734 1170 3793 40.
1203 3736 1363 3793 notantur
1394 3729 1481 3792 modi

298 3824 416 3905 quibus
439 3829 576 3904 possunt
598 3823 710 3886 iuvare
734 3842 807 3884 suos
831 3821 1043 3899 dioecesanos,
1070 3825 1102 3883 et
1131 3833 1168 3883 n0
1189 3823 1240 3884 41.
1266 3817 1391 3894 dictum
1424 3824 1481 3896 est,

297 3913 383 3994 quod
408 3913 547 3995 episcopi
574 3910 882 3994 Transylvanienses
905 3909 1093 3986 faciliorem,
1108 3910 1326 3988 maioremque
1349 3907 1482 3972 modum

296 4003 440 4066 habeant
463 3999 621 4064 influendi
645 4003 679 4064 in
707 4021 841 4063 suarum
865 3999 1130 4082 oviumlbonum,
1164 4019 1262 4079 quam
1295 3997 1350 4060 alii
1384 3998 1481 4060 multi

297 4092 437 4175 episcopi
460 4093 494 4153 in
518 4113 600 4154 suos

404 4185 455 4244 45.
488 4181 588 4244 Ratio
614 4185 667 4242 3³:
693 4180 833 4262 episcopi
867 4177 1046 4242 consecrati
1086 4177 1206 4240 debent
1239 4174 1358 4239 habere
1391 4174 1481 4240 suffi-

296 4271 434 4334 cientem
465 4271 680 4353 provisionem
713 4275 745 4332 et
779 4269 947 4332 honestam
980 4267 1251 4332 sustentationem
1283 4285 1341 4346 pro
1375 4264 1481 4346 digni-

296 4366 364 4424 tate
397 4359 570 4444 episcopali
602 4361 696 4423 iuxta
727 4379 835 4422 sacros
868 4377 1015 4435 canones,
1049 4356 1108 4420 hoc
1142 4377 1206 4420 non
1231 4355 1390 4418 haberent
1414 4356 1481 4435 epi-

296 4449 383 4532 scopi
411 4450 736 4532 Transylvanienses;
771 4467 855 4529 ergo.
888 4446 1066 4528 Responsio
1092 4446 1170 4510 data
1196 4450 1245 4510 est
1268 4439 1295 4526 ξ.
1320 4446 1349 4507 2.
1373 4465 1403 4507 n.
1428 4449 1479 4508 21.

295 4540 344 4604 R0
374 4543 411 4602 20
440 4539 571 4603 tametsi
602 4537 806 4604 confirmatio
838 4542 871 4600 et
904 4537 1104 4602 consecratio
1137 4541 1275 4616 negetur
1311 4533 1384 4612 illis,
1421 4556 1480 4616 pro
